3162 5088
675 547 711 612 17

147 775 227 839 quac
247 750 425 836 praesentis
447 758 496 813 est
518 749 671 834 temporis
692 747 820 833 pendet,
842 746 996 812 habemus
1010 757 1066 812 aut
1080 749 1237 814 rationem

146 872 325 946 temporum
345 858 521 938 relativam,
551 856 578 920 si
607 856 703 921 etiam
734 857 817 920 actio
848 855 1035 921 secundaria
1060 859 1238 943 praesentis

147 979 194 1034 est
214 968 368 1053 temporis
399 965 439 1029 cf.
462 965 535 1030 dial.
559 965 576 1028 1
599 987 691 1050 saepe
711 963 864 1050 requiras,
896 987 953 1028 cur
984 966 1125 1030 retineat.
1168 964 1236 1030 Aut

147 1076 336 1159 absolutam,
359 1075 386 1138 si
407 1074 490 1137 actio
512 1073 701 1136 secundaria
722 1073 886 1157 praeteriti
907 1073 1060 1157 temporis
1082 1082 1140 1157 est,
1162 1095 1236 1138 nam

149 1184 229 1249 duae
250 1183 395 1246 actiones
428 1194 510 1266 quac
528 1201 592 1244 non
614 1179 725 1244 eodem
747 1181 899 1265 temporis
925 1181 1051 1244 vinculo
1073 1181 1236 1245 continen-

148 1301 199 1356 tur
219 1313 285 1355 non
306 1291 368 1354 nisi
389 1289 513 1353 ratione
534 1287 680 1352 absoluta
699 1288 850 1372 coniungi
863 1297 1015 1373 possunt:
1038 1287 1078 1352 of.
1090 1288 1170 1372 Agr.
1185 1289 1235 1353 31.

151 1401 191 1466 G.
212 1400 241 1464 b.
262 1399 312 1463 28.
334 1398 385 1461 25.
415 1396 649 1461 hisaltae.
678 1395 784 1462 1139.
808 1397 856 1460 73,
882 1396 949 1460 100.
972 1395 1096 1460 11171.
1126 1395 1235 1460 IV49.

151 1509 198 1571 60.
218 1507 267 1570 73.
308 1527 381 1570 ann.
406 1504 448 1604 ⁸II
466 1505 515 1568 71.
556 1502 609 1568 III
632 1503 751 1568 1253.
792 1502 842 1567 IV
865 1505 891 1567 1.
914 1503 963 1567 37.
985 1503 1035 1568 40.
1074 1502 1158 1567 XIV
1186 1504 1235 1567 54.

150 1617 182 1679 in
201 1615 251 1679 his
273 1635 397 1700 quoque
426 1613 581 1697 exemplis
607 1610 761 1676 habemus
792 1612 950 1676 rationem
979 1621 1158 1697 temporum
1181 1610 1235 1674 ab·

149 1725 299 1788 solutam:
329 1723 362 1806 a)
384 1721 568 1785 futurum
589 1718 675 1783 Ir—
702 1741 834 1804 praes.
879 1718 952 1783 hist.
974 1718 1053 1784 138
1082 1732 1236 1784 cacumen

150 1831 216 1914 erit,
237 1830 306 1915 quis
326 1831 464 1914 imputet.
506 1827 542 1911 b)
567 1827 748 1891 futurum
769 1826 786 1890 Ι
808 1863 849 1873 -
870 1826 969 1912 perf.
1012 1826 1085 1890 hist.
1118 1825 1168 1890 IV
1196 1826 1234 1891 67

150 1938 257 2024 quobus
278 1937 399 2003 artibus
420 1935 608 2014 traduceret,
624 1934 798 1999 reddemus.
837 1956 911 1999 anu.
927 1934 945 1998 I
962 1935 1003 1999 58
1022 1958 1081 2021 quo
1098 1933 1237 1998 ludibrio

147 2046 342 2131 conflictatus
372 2046 426 2125 sit,
459 2042 640 2108 mernerabo.
698 2041 786 2107 XIII
814 2042 856 2108 20
893 2065 972 2128 quae
1003 2041 1129 2107 diversa
1161 2066 1235 2128 pro-

148 2152 296 2233 diderint,
319 2151 488 2216 trademus.

227 2261 267 2325 In
289 2261 460 2325 enuntiatis
481 2258 628 2344 finalilrus
642 2281 694 2323 res
709 2260 754 2323 sic
771 2281 805 2322 se
822 2258 941 2323 habere
954 2259 1089 2323 videtur.
1120 2259 1229 2323 Enun-

147 2370 260 2433 tiatum
281 2367 503 2433 secundarium
524 2366 620 2431 finale
641 2367 792 2450 continet,
814 2376 850 2430 ut
872 2389 911 2431 ex
929 2367 998 2451 ipso
1016 2369 1144 2432 nomine
1159 2369 1236 2432 satis

147 2486 289 2562 apparet,
320 2476 417 2541 finem
447 2476 581 2540 actionis
617 2475 795 2559 primariae.
849 2475 940 2539 Finis
967 2485 1073 2540 autem
1103 2476 1236 2539 actionis

148 2583 311 2648 cuiusdam
332 2583 449 2668 duplici
469 2583 593 2646 ratione
615 2583 765 2666 coniungi
787 2592 894 2667 potest
916 2605 987 2646 cum
1008 2585 1133 2648 actione
1148 2584 1237 2647 cuius

146 2691 218 2755 finis
246 2700 309 2775 est,
349 2701 405 2755 aut
433 2692 557 2755 ratione
587 2690 722 2754 relativa
750 2691 812 2773 ita,
845 2701 880 2754 ut
907 2690 1048 2775 fingatur
1078 2695 1237 2758 actionem

147 2800 234 2864 illam
260 2821 317 2885 per
346 2799 452 2862 omnia
480 2799 633 2883 temporis
662 2808 825 2862 momenta
853 2798 1065 2884 subsequens,
1100 2812 1156 2866 aut
1183 2801 1237 2865 ab·

148 2907 252 2970 soluta
278 2906 340 2990 ita,
363 2910 403 2970 'ut
432 2915 560 2991 praeter
581 2907 747 2970 consilium
776 2907 902 2990 agentis
924 2907 1082 2973 elucescat
1102 2910 1237 2974 actionis

148 3022 291 3078 eventus.

229 3121 339 3207 Ipsum
367 3131 474 3186 autem
502 3121 580 3185 illud
610 3121 780 3187 discrimen
811 3124 894 3187 inter
922 3123 1102 3188 absolutam
1130 3135 1162 3189 ot
1189 3148 1237 3190 re·

145 3229 277 3294 lativam
310 3239 490 3314 temporum
521 3231 677 3294 rationem
705 3253 743 3296 ea
777 3231 817 3295 de
853 3254 947 3296 causa
983 3233 1125 3297 nondum
1159 3235 1237 3298 satis

147 3337 350 3402 observatum
372 3346 420 3402 est
441 3339 475 3400 in
496 3339 667 3402 enuntiatis
688 3338 853 3424 finalibus,
885 3338 969 3426 quod
1003 3340 1115 3406 eodem
1143 3341 1238 3405 modo

148 3456 183 3510 ut
214 3447 248 3509 in
277 3447 529 3530 interrogatione
557 3445 721 3531 indirecta,
750 3449 776 3511 si
805 3457 942 3533 utraque
970 3451 1053 3512 actio
1086 3451 1237 3535 temporis

145 3556 325 3637 praesentis
354 3562 419 3637 est,
458 3553 625 3618 diiudicari
656 3555 767 3639 nequit
794 3565 902 3620 utrum
931 3557 1073 3621 actiones
1103 3556 1238 3622 relativa

144 3663 271 3725 ratione
293 3663 357 3725 sint
379 3663 549 3726 coniuncta
570 3684 611 3726 an
634 3662 789 3747 absoluta,
812 3665 1031 3728 coniunctivus
1046 3686 1122 3730 vero
1146 3685 1236 3750 prae-

145 3770 247 3833 sentis
269 3771 324 3854 qui
346 3771 489 3854 sequitur
504 3770 682 3854 perfectum
696 3773 852 3837 enuntiati
871 3773 1014 3856 primarii
1026 3774 1073 3837 ita
1087 3773 1238 3858 explicari

144 3878 244 3960 solet,
275 3886 311 3941 ut
344 3877 467 3941 dicatur
495 3878 673 3966 perfectum
704 3879 781 3942 illud
815 3881 970 3945 enuntiati
999 3883 1141 3966 primarii
1172 3883 1238 3945 vim

144 3985 322 4068 praesentis
352 3984 479 4068 habere,
508 4008 573 4049 non
605 3988 784 4070 praeteriti,
814 4009 877 4072 qua
912 3988 952 4052 de
981 3988 1127 4053 doctrina
1154 3989 1239 4053 infra

144 4091 388 4176 disputabimus.

229 4198 269 4263 In
290 4202 462 4265 enuntiatis
484 4202 582 4285 igitur
603 4201 751 4266 finalibus
773 4202 927 4268 habemus
957 4203 1126 4269 discrimen
1153 4205 1237 4268 inter

1024 4337 1039 4384 2
