3162 5088
813 491 855 558 48

560 746 619 811 De
645 769 718 810 usu
745 745 985 832 particulae
1012 769 1105 810 cam.

371 881 410 946 E.
443 880 637 963 Hoffmann,
681 901 753 944 cum
786 878 871 944 dicat
910 880 944 943 in
983 880 1156 943 enuntiatis
1189 875 1387 946 secundariis

290 1011 311 1052 a
330 989 487 1074 particula
508 1011 577 1052 cam
605 987 831 1073 incipientibus
860 987 1052 1052 indicativus
1085 1009 1154 1052 esse
1185 1008 1251 1051 non
1282 1010 1388 1075 posse,

291 1097 352 1160 nisi
381 1096 464 1160 actio
498 1095 687 1182 secundaria
720 1095 866 1159 omnibus
905 1118 946 1160 ex
980 1095 1125 1180 partibus
1164 1097 1307 1180 aequalis
1346 1098 1389 1162 sit

290 1205 408 1268 actioni
429 1205 615 1288 primariae,
651 1205 757 1267 omnia
778 1203 832 1268 illa
854 1203 999 1288 exempla
1021 1201 1190 1287 inquibus
1214 1213 1246 1268 et
1267 1203 1387 1268 indica-

290 1313 376 1375 tivus
398 1322 448 1376 est
469 1322 501 1376 et
522 1321 659 1398 utraque
680 1313 775 1395 actio,
798 1313 825 1376 si
847 1321 992 1397 tempora
1014 1322 1203 1395 spectamus,
1225 1333 1291 1375 nou
1313 1334 1387 1376 con-

177 1505 179 1510 ·
291 1422 387 1505 gruit,
409 1421 455 1486 ita
476 1422 624 1505 explicat,
657 1431 693 1484 ut
721 1421 807 1485 dicat
835 1419 945 1485 ambas
976 1421 1117 1484 actiones
1140 1441 1174 1482 re
1195 1440 1272 1484 vera
1301 1422 1387 1484 iuter

291 1550 325 1592 se
347 1550 523 1612 congruere
543 1552 603 1594 nec
623 1530 686 1593 nisi
706 1529 811 1594 forma
832 1551 902 1594 ease
923 1529 1075 1593 diversas.
1120 1525 1215 1608 Quod
1235 1549 1322 1611 vero,
1349 1537 1386 1592 ut

291 1657 388 1722 supra
408 1637 471 1701 iam
493 1636 694 1718 dictumest,
727 1636 873 1721 affirmat,
905 1637 1128 1723 imperfectum
1151 1647 1183 1701 et
1203 1637 1386 1721 plusquam-

290 1744 477 1832 perfectum,
509 1747 535 1808 si
561 1745 656 1809 modo
688 1747 813 1810 ratione
849 1757 1028 1832 temporum
1067 1746 1202 1811 relativa
1232 1753 1388 1829 usurpata

290 1855 363 1934 sint,
383 1853 619 1918 coniunctivum
640 1853 794 1939 praebere
814 1854 931 1920 debere
952 1855 984 1918 in
1007 1856 1179 1919 enuntiatis
1201 1851 1384 1939 temporali-

291 1944 360 2047 bus,
380 1962 449 2026 illos
472 1983 599 2047 quoque
620 1963 716 2046 locon,
734 1963 913 2048 quibusvis
932 1963 1116 2048 temporalis
1135 1963 1271 2027 relativa
1282 1963 1387 2025 inesse

290 2069 417 2134 videtur
438 2080 470 2135 et
491 2069 590 2134 nihilo
611 2073 716 2134 minus
737 2070 928 2136 indicativus
952 2081 1008 2154 est,
1031 2071 1094 2135 alia
1114 2073 1167 2134 via
1189 2070 1337 2155 explicat.

373 2177 564 2262 Priusquam
586 2177 643 2242 has
664 2177 852 2243 Hoffmauni
874 2181 907 2242 iu
930 2179 1118 2264 explicando
1138 2178 1281 2262 singulos
1298 2177 1386 2240 locos

290 2286 447 2349 rationem
463 2287 651 2369 examinem,
663 2287 824 2371 proferam
840 2287 935 2352 liceat
946 2309 1049 2352 meam
1062 2287 1102 2351 de
1118 2296 1188 2351 tota
1199 2285 1387 2371 quaestione

291 2389 494 2458 sententiam.

372 2499 446 2566 Hoc
477 2503 545 2565 siue
576 2500 672 2566 dubio
700 2524 811 2566 verum
841 2511 898 2567 est'
920 2505 953 2567 in
987 2503 1159 2568 enuntiatis
1190 2501 1388 2587 aparticula

291 2633 359 2673 cum
381 2610 616 2695 incipientibus,
647 2611 674 2674 si
695 2613 777 2675 ratio
800 2613 983 2697 temporalis
1011 2612 1138 2694 integra
1165 2630 1310 2695 puraque
1338 2619 1388 2672 est

290 2737 395 2801 neque
426 2718 508 2781 ratio
541 2717 675 2802 causalis
714 2718 766 2782 vel
807 2718 917 2782 similis
957 2719 1113 2803 quaedam
1149 2718 1294 2783 admixta
1327 2726 1386 2799 est,

289 2832 459 2909 utramque
479 2825 638 2889 actionem
660 2825 745 2890 idem
766 2826 874 2891 valere
894 2825 924 2890 h.
943 2848 969 2891 e.
985 2828 1143 2891 actionem
1165 2824 1387 2894 secundariam

290 2953 354 2995 non
376 2941 441 2996 tam
464 2931 704 2998 subordinatam
726 2956 796 2998 esse
818 2936 936 2999 actioni
957 2936 1128 3020 primariae
1149 2955 1245 3019 quam
1264 2933 1386 2998 coordi-

289 3049 415 3120 natam3
446 3050 478 3105 et
506 3041 585 3106 haec
613 3063 709 3106 causa
738 3064 808 3106 esse
838 3042 966 3106 videtur
997 3042 1162 3107 indicativi
1202 3045 1234 3106 in
1268 3040 1386 3106 talibus

291 3148 472 3212 enuntiatis.
527 3149 649 3214 Contra
670 3151 696 3214 si
719 3151 855 3236 scriptor
884 3150 962 3215 duas
992 3153 1135 3216 actiones
1158 3172 1223 3215 uon
1244 3152 1291 3215 ita
1312 3171 1385 3214 con-

290 3256 422 3340 iungere
439 3255 518 3338 vult,
539 3265 575 3320 ut
587 3256 721 3322 eandem
737 3280 833 3343 porro
848 3260 914 3323 vim
932 3259 1073 3325 habeant
1090 3269 1122 3325 et
1135 3259 1310 3343 aequalem,
1330 3256 1386 3321 sed

292 3364 338 3427 ita
357 3371 393 3427 ut
414 3364 515 3428 altera
527 3363 598 3450 plus
614 3367 721 3432 valeat
736 3388 830 3453 quam
845 3368 955 3452 altera,
972 3368 1126 3434 habemus
1138 3367 1385 3431 coniunctivum.

379 3469 469 3534 Nihil
489 3480 538 3535 est
565 3495 621 3536 cur
640 3475 797 3539 rationem
826 3475 909 3540 hanc
930 3498 994 3541 uon
1015 3476 1210 3562 appellemus
1230 3476 1388 3540 rationem

290 3579 473 3663 relativam,
504 3580 591 3645 illam
620 3583 777 3646 rationem
809 3582 1006 3668 absolutam,
1038 3584 1096 3650 sed
1123 3583 1184 3648 hoc
1216 3565 1410 3648 discrimen·

291 3686 534 3771 intelligendum
563 3697 612 3753 est
640 3711 705 3752 non
736 3688 776 3755 de
805 3693 929 3756 ratione
961 3692 1139 3777 temporali,
1168 3689 1225 3756 sed
1250 3690 1292 3754 ad
1320 3691 1386 3754 vim

291 3801 389 3877 atque
405 3794 530 3880 pondus
545 3797 711 3882 utriusque
721 3799 857 3862 actionis
867 3799 1079 3865 referendum.
1113 3798 1223 3884 Atque
1240 3799 1387 3884 exemplo

291 3901 500 3985 proferamus.

374 4056 402 4099 a.
431 4035 615 4101 futurum
636 4075 678 4084 —-
698 4060 827 4124 praes.
879 4039 1066 4125 (Hoffmann
1098 4040 1252 4128 Zeitpart.
1282 4063 1313 4129 p.
1335 4041 1384 4106 65.

292 4141 356 4224 66.)
399 4165 551 4228 praesens
588 4146 621 4208 iu
660 4148 824 4212 enuntiato
861 4148 1047 4213 secundario
1089 4171 1153 4214 non
1189 4149 1222 4215 id
1260 4158 1385 4234 tempus

293 4247 462 4335 siguificat,
485 4250 569 4336 quod
592 4254 620 4316 ei
642 4255 698 4338 qui
717 4254 859 4340 loquitur
878 4278 1030 4341 praesens
1054 4266 1112 4341 est,
1141 4257 1197 4322 scd
1224 4257 1270 4322 ita
1299 4278 1384 4320 usur·
