3162 5088
654 567 848 662 -E„

205 766 1293 854 mammuwmemammvuum

203 875 1292 963 uummxmmummmmxwma

201 985 252 1070 47,
275 987 304 1050 5.
347 983 413 1050 XV
436 985 484 1067 16,
506 985 535 1048 2.
569 984 617 1067 (in
646 985 707 1049 hoc
735 985 880 1070 exemplo
912 985 1047 1070 perfecti
1075 988 1293 1052 coniunctivus
1397 1071 1399 1076 Ι

141 1089 142 1092 '
203 1095 389 1158 coniunctus
411 1101 459 1156 est
481 1115 552 1157 cum
566 1093 745 1178 imperfecti
759 1093 985 1177 coniunctivo.)
1020 1093 1174 1158 Videmus
1195 1097 1294 1179 igitur

203 1201 354 1266 Tacitum
385 1202 418 1264 in
447 1187 752 1285 interrogationibus
782 1200 944 1265 indirectis
964 1223 1037 1264 raro
1059 1211 1184 1266 tantum
1202 1225 1294 1267 usum

205 1331 274 1373 esse
297 1308 500 1373 coniunctivo
522 1308 674 1392 perfecti,
704 1318 815 1372 contra
835 1309 868 1372 in
890 1310 1061 1374 enuntiatis
1083 1311 1293 1386 consecutivis
1326 1367 1328 1370 .

206 1417 340 1502 saepius.
382 1414 422 1480 In
455 1416 609 1501 Agricola
643 1427 676 1481 et
710 1419 743 1480 in
777 1416 866 1481 libris
900 1416 1105 1482 historiarum
1135 1419 1293 1503 prioribus

205 1522 367 1608 habemus,
389 1545 453 1588 uno
476 1532 609 1610 excepto
633 1525 787 1610 exemplo,
817 1526 1053 1590 coniunctivum
1074 1526 1208 1612 perfecti
1228 1549 1294 1591 non

204 1633 266 1698 nisi
289 1633 411 1696 omissis
432 1633 466 1696 in
488 1634 651 1696 enuntiato
674 1634 825 1717 primario
840 1634 950 1697 formis
965 1634 1054 1699 verbi
1076 1658 1147 1699 esce.
1184 1656 1292 1720 quam-

206 1761 302 1826 quam
333 1750 439 1804 autem
461 1739 626 1805 Woelflini
654 1740 832 1805 doctrinam
868 1741 908 1806 de
943 1727 1118 1808 elocutione
1147 1741 1294 1806 Tacitina

194 1837 365 1932 ¹gradatim
396 1870 454 1933 per
474 1848 616 1932 singulos
645 1847 744 1913 libros
772 1849 899 1914 exculta
925 1849 1018 1914 valde
1045 1849 1155 1935 probo,
1188 1859 1294 1914 tamen

204 1955 286 2019 hanc
307 1977 375 2020 rem
395 1955 457 2019 huc
478 1977 543 2019 non
565 1955 716 2040 referam,
748 1959 822 2043 quia
849 1959 927 2022 tales
948 1980 998 2022 res
1019 1980 1083 2021 non
1105 1979 1229 2042 semper
1259 1957 1295 2022 in

205 2085 241 2127 co
263 2085 390 2128 causam
413 2062 547 2148 habent,
578 2063 663 2149 quod
684 2062 788 2128 Taciti
807 2067 941 2130 elocutio
964 2065 1123 2150 gradatim
1151 2065 1294 2151 perfecta

204 2180 253 2234 est
274 2180 306 2235 et
327 2173 463 2255 exculta,
494 2170 550 2236 sed
582 2173 766 2256 saepissime
795 2174 890 2236 etiam
919 2174 953 2236 in
982 2196 1018 2237 eo
1048 2173 1132 2259 quod
1161 2173 1292 2240 Tacitus

204 2280 249 2342 ita
271 2280 399 2363 ingenio
423 2301 480 2343 suo
502 2279 641 2364 indulsit,
671 2291 706 2344 ut
727 2281 860 2365 singulis
882 2283 1048 2346 structuris
1079 2283 1111 2345 in
1133 2282 1181 2346 his
1202 2283 1292 2348 libris
1330 2306 1332 2310 ·

204 2385 435 2472 quodammodo
465 2386 624 2471 abutatur,
652 2389 686 2452 in
717 2389 778 2453 illis
806 2389 899 2474 plane
921 2411 974 2454 eas
1003 2391 1137 2454 omittat.
1179 2391 1292 2456 Restat

203 2515 288 2557 nunc
308 2503 344 2557 ut
364 2495 498 2559 aliorum
521 2516 647 2580 quoque
668 2497 858 2581 scriptorum
886 2519 978 2561 usum
1008 2499 1202 2562 coniunctivi
1222 2521 1292 2585 per·

203 2601 279 2665 fecti
301 2603 526 2667 examinemus.

284 2757 312 2800 a.
343 2735 449 2822 apud
472 2735 701 2800 Caesarem.
738 2719 1290 2824 b.g.1121,4.1fl15‚3.v15,1.
1389 2825 1392 2832 Ι

202 2842 252 2926 54,
262 2842 291 2906 3.
312 2841 380 2907 VH
395 2842 444 2926 17,
459 2843 487 2908 3.
504 2842 551 2925 (in
569 2842 629 2906 hoc
645 2844 789 2931 exemplo
804 2845 958 2909 habemus
974 2848 1211 2912 coniunctivum
1222 2869 1292 2932 per-

202 2950 278 3014 fecti
300 2951 503 3014 coniunctum
525 2972 597 3015 cum
618 2952 819 3016 coniunctivo
841 2953 1020 3038 imperfecti
1039 2965 1076 3018 ut
1097 2976 1193 3039 supra
1206 2953 1293 3042 apud

202 3057 349 3122 Tacitum
377 3079 451 3122 ann.
477 3056 544 3121 XV
570 3061 614 3142 16,
635 3057 680 3141 2.)
713 3058 785 3124 bell.
817 3060 898 3148 hisp.
932 3061 980 3146 15,
1001 3061 1031 3125 3.
1074 3062 1124 3146 23,
1146 3063 1175 3127 8.
1219 3061 1291 3126 bell.

203 3166 284 3231 alex.
307 3167 358 3251 43,
379 3167 409 3230 3.
1265 3185 1268 3190 “

283 3300 314 3364 b.
344 3299 452 3386 apud
473 3298 728 3366 Sallustium.
771 3300 842 3386 Iug.
859 3302 951 3385 195.
974 3304 1023 3388 88,
1039 3305 1068 3368 6.
1100 3325 1144 3368 or.
1160 3305 1291 3388 5,§11.
1427 3299 1432 3311 ’

200 3407 279 3472 haec
294 3410 440 3494 exempla
456 3411 538 3472 coni.
554 3409 689 3494 perfecti
711 3413 817 3474 omnia
838 3421 912 3474 sunt
933 3413 966 3488 in
987 3405 1290 3496 interrogationibus

201 3515 373 3600 indirectis,
396 3537 530 3601 quorum
551 3527 659 3582 tamen
680 3518 815 3582 verbum
835 3520 1020 3604 primarium
1042 3521 1292 3604 agrammaticis

201 3623 297 3709 vulgo
319 3623 455 3689 habetur
477 3647 534 3709 pro
556 3625 661 3710 logico
681 3625 833 3710 perfecte.

283 3779 309 3819 c.
340 3756 446 3842 apud
467 3756 685 3822 Velleium.

201 3863 242 3926 in
264 3874 399 3928 enunt.
422 3867 716 3931 consecutivis.
922 3955 923 3959 Ἰ

284 3972 319 4052 α)
350 3974 385 4035 in
425 3974 589 4037 enuntiato
628 3975 780 4058 primario
822 3985 871 4040 est
913 3976 1104 4042 indicativus
1147 3979 1290 4064 perfecti.

349 4079 476 4163 113,1
502 4081 565 4164 (18,
589 4082 631 4164 1).
670 4081 705 4147 ΙΙ
725 4083 776 4166 30,
798 4084 827 4147 6.
858 4084 907 4168 66,
928 4086 958 4149 4.
990 4086 1039 4169 90,
1061 4087 1091 4150 3.
1121 4085 1189 4170 103,
1212 4089 1241 4152 6.

282 4188 318 4270 β)
351 4189 551 4253 enuntiatum
573 4190 795 4254 secundarium
815 4191 933 4276 pendet
955 4215 995 4257 ex
1017 4195 1199 4258 accusativo
1221 4215 1315 4270 cum¹

349 4295 507 4360 infinitivo
528 4296 682 4382 perfecti:
703 4297 739 4362 Π
761 4299 811 4382 99,
832 4298 862 4363 4.

1059 4428 1092 4482 2*
