3162 5088
762 499 804 563 22

689 588 885 596 ——————=

243 703 381 786 faciunt,
412 701 467 766 sed
497 702 665 766 statuimus
695 700 853 764 'actionem
874 697 1109 780 secundariam,
1138 719 1220 783 quae
1240 720 1330 783 prae

244 812 330 875 teriti
351 819 400 874 est
422 810 591 894 temporis,
625 807 776 891 coniungi
806 828 900 891 posse
930 827 1001 870 cum
1029 807 1155 870 actione
1182 807 1332 890 primaria

244 939 326 1003 quae
368 918 519 1001 temporis
563 925 611 980 est
653 915 830 1000 praesentis
873 905 902 978 si
943 935 1007 977 non
1048 915 1173 978 ratione
1211 923 1332 998 tempo-

243 1047 313 1089 rum
340 1025 490 1108 relativa,
520 1034 553 1087 at
576 1031 663 1088 certe
683 1021 830 1087 absoluta
856 1023 916 1106 ita,
948 1031 984 1086 ut
1006 1022 1206 1084 coniunctivo
1229 1023 1332 1108 expri-

243 1142 348 1197 matur
369 1131 512 1216 perfecti.
1360 1130 1362 1134 ’

524 1323 585 1388 ΠΙ.
619 1323 665 1387 de
685 1322 875 1408 perfecto
897 1322 1044 1406 logico.

326 1455 475 1520 Perfecto
509 1455 614 1538 logico
655 1455 860 1539 grammatici·
899 1455 989 1540 quasi
1025 1455 1163 1540 quodam
1200 1454 1258 1520 deo
1295 1478 1334 1519 ex
1361 1501 1364 1511 t

244 1563 391 1628 machina
412 1573 544 1628 utuntur
577 1563 618 1627 ad
647 1562 870 1648 explicandum
892 1562 1128 1626 coniunctivum
1158 1565 1335 1648 praesentis

214 1723 216 1730 ,
245 1673 278 1734 in
299 1672 470 1735 enuntiatis
493 1670 687 1734 secundariis
711 1692 750 1734 ex
772 1670 922 1754 perfectis
944 1669 1166 1756 pendentibus.
1209 1669 1333 1733 Lieven

245 1780 329 1844 hunc
349 1801 440 1843 usum
462 1801 499 1843 ea
519 1780 644 1843 ratione
666 1779 813 1864 explicat,
839 1789 875 1843 ut
904 1781 1066 1866 propriam
1087 1778 1221 1862 perfecti
1242 1781 1332 1842 natu·

245 1910 314 1953 ram
342 1888 502 1970 integram
529 1887 650 1950 servari
678 1885 772 1951 dicat.
823 1886 909 1951 Nam
934 1889 1016 1951 siin
1038 1889 1202 1952 enuntiato
1224 1908 1333 1978 secun-

201 2013 202 2016 ’
245 1995 332 2059 dario
369 1995 589 2058 coniunctivus
628 1995 806 2078 praesentis
842 2005 995 2080 sequatur
1029 1996 1221 2080 perfectum,
1257 1998 1333 2062 illud
1370 2059 1371 2062 ,

245 2103 445 2168 enuntiatum
466 2100 688 2166 secundarium
710 2101 849 2186 pendere
870 2124 934 2166 non
955 2125 995 2167 ex
1015 2103 1156 2189 perfecto
1179 2107 1335 2170 enuntiati

244 2211 387 2295 primarii
401 2219 502 2295 putat,
525 2208 581 2273 sed
597 2231 637 2273 ex
653 2211 815 2294 praesenti
830 2208 968 2295 quodam
989 2210 1075 2295 quod
1093 2212 1244 2276 omissum
1261 2213 1334 2277 sub-

245 2316 436 2382 audiendum
471 2315 703 2401 quodammodo
741 2318 781 2380 sit
817 2316 875 2380 sub
907 2316 1005 2381 verbo
1033 2321 1175 2404 regenti,
1206 2342 1254 2384 ex.
1285 2343 1334 2404 gr.

245 2424 367 2504 audivi,
388 2425 467 2512 quid
488 2426 528 2490 sit
549 2452 588 2480 =
610 2423 718 2488 audivi
739 2426 869 2509 scioque
890 2425 966 2509 quid
988 2427 1038 2490 sit.
1092 2425 1157 2492 Sed
1178 2426 1239 2491 hac
1259 2428 1334 2493 arti·

244 2534 442 2598 ficiosissima
462 2531 641 2617 explicandi
662 2533 787 2597 ratione
808 2554 887 2618 opus
909 2554 974 2597 non
996 2543 1062 2617 est,
1092 2555 1163 2599 cum
1185 2537 1282 2599 etiam
1303 2537 1336 2600 in

244 2643 307 2707 hac
325 2665 360 2706 re
382 2643 519 2726 speciem
540 2639 701 2726 quandam
721 2643 853 2706 rationis
875 2652 1054 2728 temporum
1076 2643 1250 2707 habeamus
1282 2644 1335 2708 ab·

245 2751 375 2834 solutae,
397 2770 472 2812 nam
495 2749 666 2814 coniuncta
695 2759 744 2813 est
774 2752 857 2814 actio
887 2753 1052 2836 praeteriti
1082 2753 1233 2837 temporis
1266 2774 1337 2816 cum

245 2857 371 2921 actione
392 2858 550 2943 temporis
572 2858 759 2943 praesentis.

326 2964 486 3050 Exempla
505 2964 639 3029 Tacitsa
659 2963 738 3030 haec
760 2974 854 3030 sunt:
875 2965 950 3030 hist.
971 2965 991 3030 I
1014 2966 1060 3050 15,
1080 2966 1108 3030 7.
1151 2965 1265 3051 IV66,
1289 2967 1335 3031 10.
1369 3023 1371 3030 A

245 3070 327 3156 Vb,
356 3073 375 3137 9
406 3072 562 3160 pendulis
590 3071 811 3138 circumcidere
841 3073 1063 3154 instituerunt,
1095 3087 1129 3138 ut
1157 3087 1336 3139 noscantur.

246 3182 277 3246 h.
301 3202 327 3244 e.
350 3181 377 3244 is
401 3181 455 3265 qui
483 3180 568 3245 hunc
596 3202 689 3245 usum
720 3181 795 3244 olim
816 3181 953 3245 instituit
984 3181 1094 3264 voluit,
1120 3192 1157 3247 ut
1184 3203 1250 3246 non
1279 3203 1336 3246 suo

247 3299 371 3354 tantum
394 3299 538 3374 tempore
559 3287 616 3353 sed
638 3290 724 3354 omni
746 3299 890 3375 tempore
922 3299 1148 3373 noscerentur3
1181 3293 1337 3356 rationem

246 3408 425 3484 temporum
456 3397 623 3461 relativam
655 3396 809 3462 habemus
841 3399 875 3460 in
907 3397 1052 3484 exemplo
1085 3397 1232 3464 Caesaris
1265 3400 1338 3464 huic

246 3515 355 3570 nostro
385 3506 560 3589 simillim03
601 3505 631 3571 b.
654 3527 685 3590 g.
707 3503 761 3570 ΙΠ
784 3506 810 3590 1,
835 3506 874 3569 10
903 3507 1050 3592 atquem
1071 3529 1139 3570 eum
1160 3531 1192 3571 se
1213 3497 1337 3572 consue-

247 3613 386 3678 tudinem
407 3611 620 3692 adduxerunt,
642 3625 676 3677 ut
704 3651 743 3660 -
773 3613 927 3693 haberent,
957 3613 1149 3678 locaremur.
1192 3615 1232 3680 cf.
1260 3615 1337 3681 Tac.

246 3742 319 3786 ann.
337 3721 420 3785 XIV
439 3721 479 3786 64
500 3720 747 3800 memoravimus,
769 3734 803 3786 ut
824 3720 956 3786 habeant
979 3731 1011 3786 et
1032 3743 1104 3786 ann.
1123 3722 1213 3787 1132
1235 3722 1337 3803 retuli,

248 3842 281 3894 ut
301 3829 441 3895 sciretur.
464 3867 504 3876 —
525 3831 588 3894 alia
609 3832 755 3915 exempla
777 3840 868 3895 sunt:
891 3830 964 3895 hist.
985 3831 1002 3895 Ι
1030 3833 1074 3917 16,
1089 3833 1118 3896 3.
1161 3831 1337 3897 ann.'XIV

248 3938 299 4022 53,
322 3939 350 4002 6.
376 3939 424 4002 17.
451 3936 518 4002 XV
538 3939 588 4023 41,
610 3938 657 4002 12.

330 4045 427 4130 Apud
460 4044 680 4110 Caesarem
713 4066 812 4110 unum
848 4055 973 4110 tantum
1009 4049 1189 4133 exemplum
1219 4048 1336 4130 inveni,

249 4152 334 4237 quod
356 4161 463 4218 tamen
484 4155 622 4218 maxime
645 4153 794 4218 idoneum
815 4155 857 4218 sit
877 4153 1130 4238 adprobandum
1146 4155 1337 4219 sententiam

248 4282 371 4345 meam,
404 4261 539 4346 legimus
572 4264 657 4326 enim
687 4260 718 4325 b.
741 4284 767 4326 c.
797 4259 851 4326 HI
878 4263 921 4328 20
954 4285 992 4326 ne
1014 4262 1148 4346 frustra
1179 4263 1338 4350 impressus
