3162 5088
858 523 899 588 50

340 736 424 811 sunt,
466 735 502 791 ut
533 726 616 789 actio
655 722 843 789 secundaria
879 723 965 786 omui
999 721 1135 806 tempori
1173 722 1215 785 sit
1242 723 1446 807 communis,

339 835 468 899 tertium
489 856 565 898 vero
588 832 669 916 (Cic.
692 830 733 895 ad
753 832 853 895 Attic.
875 828 923 893 IV
948 829 995 913 18,
1019 829 1051 912 1)
1082 830 1120 892 iis
1149 851 1231 914 quae
1251 829 1447 894 Hoffmann

339 942 416 1008 dicit
452 963 516 1006 non
546 941 732 1027 explicatur.
782 939 881 1004 Putat
912 938 996 1002 enim
1028 961 1098 1001 oum
1129 937 1213 1001 idem
1248 937 1447 1021 significare

339 1048 425 1136 quod
457 1050 616 1135 quotiens,
655 1048 711 1112 sed
742 1047 911 1113 difficultas
944 1044 1055 1110 eadem
1096 1055 1205 1111 manet
1235 1047 1263 1110 si
1294 1045 1444 1111 dicimus

340 1159 480 1242 quotiens
500 1155 600 1236 video,
632 1154 716 1230 dedi,
747 1177 784 1219 ac
814 1155 841 1220 si
870 1152 1014 1218 dicatur:
1043 1177 1112 1218 cum
1139 1153 1239 1238 video,
1268 1153 1347 1219 dedi·
1365 1155 1444 1220 for-

341 1273 426 1328 tasse
440 1286 492 1329 res
506 1265 552 1328 ita
573 1263 724 1348 explicari
738 1271 853 1348 potest,
875 1272 911 1326 ut
924 1262 1081 1327 referatur
1095 1261 1136 1325 ad
1151 1262 1336 1327 alacriorem
1350 1263 1442 1328 libe·

337 1373 516 1457 riorcmque
537 1373 570 1435 in
592 1371 734 1456 epistolis
757 1371 975 1434 elocutionem.
1013 1368 1067 1434 Ad
1089 1368 1168 1434 duos
1183 1369 1319 1453 Vergilii
1339 1370 1440 1434 locos

337 1479 398 1544 hoc
419 1478 600 1544 addendum
621 1488 756 1543 estnon
777 1479 897 1543 tamin
920 1479 1084 1555 enuntiato
1113 1478 1300 1541 secundario
1328 1478 1438 1541 rario-

337 1608 405 1651 rem
437 1585 596 1672 quendam
624 1587 711 1650 cerni
741 1607 849 1669 usum,
881 1607 977 1671 quam
1009 1586 1043 1648 in
1073 1587 1237 1650 enuntiato
1267 1585 1439 1670 primario,

338 1696 372 1758 in
400 1716 462 1780 quo
492 1695 669 1780 perfectum
697 1694 817 1758 rariore
838 1692 965 1778 quidem
985 1692 1042 1758 sed
1063 1691 1148 1778 apud
1169 1703 1280 1779 poetas
1308 1694 1437 1756 usitata

338 1803 462 1868 ratione
482 1812 671 1886 usurpatum
692 1811 740 1866 est
760 1823 818 1886 pro
840 1803 1011 1886 praesenti.

422 1903 559 1974 Tamen
578 1908 815 1974 concedendurn
845 1917 894 1974 est
928 1908 997 1974 fieri
1025 1929 1092 1972 non
1118 1928 1212 1993 posse
1239 1908 1317 1993 quin
1343 1906 1436 1971 hunc

338 2039 439 2101 usum,
462 2018 549 2082 cuius
572 2027 638 2081 tam
659 2038 762 2103 pauca
793 2015 946 2080 habemus
975 2017 1122 2101 exempla
1152 2037 1253 2101 eaque
1281 2017 1365 2079 inter
1394 2037 1435 2080 se

337 2125 472 2207 diversa,
494 2136 642 2189 accurate
665 2145 893 2208 cognoscamus
916 2123 1201 2208 intellegamusque
1226 2123 1328 2208 qualis
1360 2123 1433 2187 eius

337 2233 379 2296 sit
398 2242 522 2297 natura.

421 2361 448 2404 e.
479 2361 607 2424 praes.
629 2338 723 2403 hist.
743 2375 785 2385 -
805 2336 908 2424 perf.
937 2339 1032 2403 hist.
1055 2338 1100 2424 (p.
1123 2339 1187 2423 72.)
1229 2337 1322 2403 Haec
1348 2348 1431 2402 tcm-

337 2467 450 2533 porum
471 2448 553 2509 ratio
575 2444 654 2510 nihil
675 2444 772 2510 habet
786 2447 916 2532 proprii,
937 2469 1036 2510 unum
1047 2468 1124 2512 vero
1140 2448 1320 2534 exemplum
1335 2444 1431 2510 Hoff-

337 2575 434 2618 mann
454 2575 519 2617 non
540 2562 687 2617 accurate
717 2553 912 2618 intellexisse
933 2554 1075 2637 videtur,
1103 2577 1175 2619 cum
1203 2555 1304 2619 dicat:
1333 2568 1431 2618 auae

338 2660 466 2726 eelteam
486 2662 597 2724 nimmt
618 2660 683 2724 eicit
705 2659 765 2724 dac
781 2684 889 2746 praee.
911 2663 946 2725 in
969 2669 1024 2725 der
1046 2661 1140 2726 Stella
1161 2663 1230 2727 tall.
1251 2663 1332 2752 hiep.
1354 2663 1430 2743 8,6

338 2793 396 2832 aue
428 2791 519 2849 „uam
541 2792 611 2833 cam
632 2769 713 2832 iuter
735 2772 889 2856 Atepuam
918 2782 946 2833 ct
975 2769 1103 2834 Ucubim
1127 2770 1292 2858 Pompeius
1319 2773 1431 2836 tabuit

337 2889 442 2940 caetra
464 2877 631 2940 constituto
653 2876 687 2940 in
709 2890 872 2962 conspectu
894 2875 1026 2941 duorum
1059 2877 1265 2964 oppidorum,
1298 2880 1338 2944 ab
1358 2880 1428 2944 auia

338 2985 453 3047 caetris
473 2985 598 3047 circiter
617 2982 708 3046 oridia
727 3007 879 3068 pascuum
901 2997 1048 3068 quattuor
1060 3008 1191 3072 prumea
1211 3000 1255 3049 cst
1276 2986 1430 3051 excellens

340 3104 467 3170 natura,
489 3091 547 3176 qui
566 3091 749 3176 appellator
769 3104 876 3156 caetra
898 3092 1122 3157 Postumiaua“
1146 3093 1180 3159 in
1201 3095 1261 3159 hoc
1281 3095 1427 3180 exemplo

337 3195 491 3261 habemus
512 3198 748 3262 anacoluthiam
769 3198 946 3284 quandam,
975 3221 1126 3285 praesens
1153 3202 1230 3266 illud
1251 3224 1316 3267 non
1337 3225 1428 3288 prae-

339 3326 412 3369 sens
434 3304 620 3369 historicum
641 3314 699 3390 est,
722 3306 778 3370 sed
799 3328 950 3391 praesens
972 3330 1123 3394 praesens
1145 3331 1165 3372 a
1185 3319 1254 3374 tota
1267 3319 1428 3376 structura

336 3412 516 3477 absolutum
538 3423 570 3477 et
591 3413 678 3478 velut
699 3413 733 3476 in
754 3414 937 3498 parenthesi
959 3415 1112 3499 additum,
1135 3417 1298 3481 enuntiato
1320 3427 1426 3483 autem

336 3543 357 3584 a
378 3521 535 3606 particula
562 3545 630 3584 cum
666 3521 830 3606 incipienti
865 3545 901 3587 re
929 3545 1006 3587 vera
1033 3523 1206 3608 respondet
1233 3523 1311 3588 illud
1341 3524 1428 3610 quod

337 3628 499 3713 sequitur:
529 3628 579 3692 ibi
598 3629 717 3693 Caesar
738 3629 846 3694 lubuit
867 3631 1030 3695 castellum
1051 3636 1249 3698 coustitutum
1279 3642 1311 3697 et
1336 3633 1425 3697 locus

336 3736 382 3800 ita
396 3734 691 3824 estqintellegendus
707 3745 860 3821 tanquam
877 3738 1030 3823 scriptum
1046 3749 1150 3804 esset:
1172 3763 1238 3804 cam
1256 3740 1365 3805 habuit
1377 3788 1383 3802 .
1396 3787 1424 3805 ..

333 3842 496 3929 praesidii
514 3866 612 3906 cauea
633 3843 743 3909 habuit
763 3845 925 3910 castellum
952 3847 985 3911 iu
1014 3871 1134 3934 pruma,
1167 3849 1226 3932 qui
1241 3847 1425 3933 appellatur

336 3962 442 4014 castra
465 3949 679 4014 Postumiana.

418 4056 483 4122 Sed
503 4056 583 4121 haec
603 4058 763 4124 sufficiunt
785 4059 826 4124 ad
848 4061 1105 4145 cognoscendum
1126 4085 1190 4149 qua
1209 4063 1333 4127 ratione
1347 4063 1424 4128 talia

336 4161 518 4229 discrimina
538 4175 716 4250 temporum
737 4169 801 4231 sint
822 4168 1019 4253 explicanda.
1062 4170 1112 4234 Ac
1140 4169 1179 4234 de
1206 4172 1330 4235 ratione
1361 4193 1424 4257 qua

335 4271 511 4336 Hoffmann
532 4274 597 4336 vim
618 4273 785 4340 relativam
806 4273 979 4340 indicativo
998 4276 1176 4362 imperfecti
1191 4287 1224 4342 et
1242 4278 1423 4364 plusquam·
