3162 5088
783 503 824 568 20

702 593 898 600 h

339 706 372 791 γ)
406 704 467 768 duo
496 716 641 789 tempora
668 706 837 770 coniuncta
868 714 941 770 sunt
972 706 1005 769 in
1041 707 1204 789 enuntiato
1236 728 1346 770 secun-

404 812 512 876 dario:

407 921 438 1005 1)
467 919 644 1006 perfectum
666 929 697 984 et
717 920 958 1006 imperfectum:
980 920 1048 1004 19,
1072 925 1099 986 1.
1199 1007 1201 1013 .

403 1028 437 1112 2)
466 1028 642 1113 perfectum
664 1038 697 1093 et
717 1050 887 1114 praesens:
912 1028 929 1094 I
952 1029 1001 1113 18,
1035 1029 1051 1092 1
1065 1029 1181 1114 floruit
1202 1028 1291 1110 adeo,
1312 1043 1347 1094 at

467 1149 616 1222 separata
643 1137 716 1216 siat,
745 1138 901 1222 ametimos
930 1159 992 1222 quo
1020 1137 1054 1200 in
1084 1137 1229 1221 exemplo
1257 1137 1344 1200 notio
1376 1179 1378 1182 -

466 1245 648 1329 temporalis
680 1245 841 1329 participii
877 1258 1027 1330 separata
1058 1246 1105 1308 ita
1135 1245 1279 1329 evanuit,
1309 1255 1345 1310 ut

467 1352 643 1437 perfectum
671 1351 748 1416 illud
778 1353 989 1437 compositum
1015 1373 1115 1438 prope
1142 1352 1274 1417 accedat
1304 1353 1345 1417 ad

467 1459 731 1543 significationem
747 1461 940 1545 praesentim
962 1459 1003 1523 ad
1018 1462 1153 1524 alterum
1166 1460 1344 1524 membrum

467 1567 507 1631 cf.
530 1566 565 1631 ΙΙ
585 1567 653 1651 128,
674 1567 696 1631 4
717 1590 750 1631 eo
769 1567 931 1653 perducit,
954 1582 987 1632 ut
1008 1567 1147 1632 advocet.

255 1702 296 1763 in
318 1701 664 1784 interrogatione
685 1698 902 1765 indirecta.

336 1834 371 1912 α)
403 1834 436 1895 in
458 1843 565 1896 enunt.
588 1854 634 1917 pr.
658 1842 706 1898 est
727 1832 855 1896 indicat.
878 1833 1020 1918 perfecti.

403 1938 438 2003 Π
459 1940 509 2023 82,
530 1941 559 2003 2.
618 2019 620 2024 Α

282 2133 284 2140 Α
335 2049 370 2131 β)
403 2047 531 2112 indicat.
554 2049 740 2133 imperfecti.

401 2155 520 2240 13,1.

334 2263 368 2347 γ)

401 2370 419 2434 Ι
441 2371 489 2454 15,
511 2371 531 2432 t')
553 2370 808 2454 (mandaverim).

334 2502 377 2568 H.
401 2503 559 2582 Quoniam
582 2503 727 2567 omnibus
749 2504 816 2568 fere
848 2505 881 2566 iu
910 2502 1000 2569 libris
1026 2505 1243 2586 grammaticis
1263 2505 1341 2588 legi-

251 2633 322 2675 mus
343 2612 430 2675 nulla
449 2613 511 2675 nisi
542 2611 683 2676 eiusdem
711 2613 837 2696 generis
865 2621 1011 2696 tempora
1032 2613 1182 2695 coniungi
1203 2615 1285 2676 inter
1307 2631 1342 2676 se

251 2742 353 2805 posse,
365 2742 463 2783 unum
478 2720 627 2805 quodque
641 2720 818 2805 perfectum
833 2721 1069 2784 enuntiatorum
1084 2719 1341 2784 secundariorum

250 2848 307 2912 pro
328 2828 432 2911 logico
455 2829 597 2913 perfecto
620 2829 803 2894 habendum
825 2852 895 2893 esse
913 2828 1049 2912 videtur,
1072 2817 1153 2893 siin
1175 2830 1340 2894 enuntiato

251 2937 401 3019 primario
418 2937 587 3002 antecedat
609 2939 661 3002 vel
682 2960 843 3023 praesens,
865 2939 916 3003 vel
930 2937 1081 3002 firtumm.
1122 2935 1216 3015 Quod
1230 2958 1341 3001 verum

251 3054 402 3128 nonest,
436 3047 511 3130 quia
531 3047 718 3131 saepissime
749 3050 782 3110 in
815 3046 986 3111 enuntiatis
1020 3044 1221 3126 secundariis,
1252 3053 1340 3108 ante-

253 3150 387 3216 cedente
408 3154 441 3215 in
463 3155 627 3219 enuntiato
643 3155 792 3238 primario
807 3155 977 3239 praesenti,
999 3153 1141 3237 perfecta
1162 3154 1341 3216 invenimus

252 3280 334 3343 quae
355 3261 441 3324 nullo
464 3260 557 3325 modo
579 3283 636 3346 pro
657 3261 769 3345 logicis
791 3260 902 3326 haberi
923 3270 1067 3346 possunt.

250 3413 278 3454 a.
308 3392 411 3477 apud
433 3391 627 3457 Tacitum.

331 3500 365 3584 α)
398 3502 439 3564 in
467 3502 662 3564 enuntiat.
685 3487 977 3565 consecutivis.

398 3607 470 3671 hist.
492 3608 509 3672 Ι
529 3609 570 3671 42
599 3609 658 3672 huc
684 3609 791 3693 potius
818 3610 885 3672 cias
912 3610 979 3673 vita
1012 3609 1165 3694 famaque
1193 3607 1339 3680 inclinat,

396 3730 431 3779 at
452 3717 593 3780 conscias
613 3716 713 3798 faerit
734 3717 868 3797 sceleris,
890 3717 1098 3782 caturcense
1120 3729 1195 3780 erat.

329 3826 365 3907 β)
398 3825 439 3887 in
459 3825 803 3908 interrogatione
823 3824 1044 3890 indirecta.

398 3934 430 4015 1)
458 3933 491 3994 in
522 3942 629 3996 enunt.
653 3933 803 4016 primario
835 3933 996 3998 antecedit
1028 3931 1220 4019 perfectum,
1253 3931 1339 4018 quod

458 4061 516 4124 pro
541 4039 645 4123 logico
674 4040 777 4124 accipi
805 4049 929 4124 potest:
961 4041 1041 4124 Agr.
1066 4042 1114 4122 11,
1139 4044 1166 4106 1.
1208 4041 1281 4104 hist.
1303 4040 1338 4105 Il

458 4147 509 4229 42,
529 4148 550 4208 4
572 4147 619 4229 (in
639 4156 776 4232 utroque
797 4149 962 4233 exemplo:
983 4148 1195 4234 compertam).
1231 4149 1338 4213 annl

457 4255 486 4339 5,
511 4253 550 4318 14
572 4253 774 4339 (compertam
794 4255 862 4338 est).
