3162 5088
677 518 717 583 25

155 722 262 806 copula
276 719 447 804 antecedit,
470 728 576 784 tamen
590 742 648 806 pro
663 721 813 785 historico
829 719 870 784 sit
887 718 1086 784 habendum:
1109 717 1140 782 b.
1157 718 1238 783 alen.

155 831 199 913 15,
222 829 250 892 1.
290 828 339 912 16,
361 827 390 892 3.
420 827 553 912 saepius.
596 827 627 891 b.
650 827 708 892 afr.
738 827 767 911 2,
789 829 818 890 4.
860 826 961 911 23,1.
999 827 1050 910 24,
1072 827 1101 892 3.
1138 827 1238 910 30,1.

153 939 200 1022 50,
222 939 250 1002 5.
282 937 417 1020 saepius.
466 935 539 1001 bell.
568 935 649 1020 hisp.
683 936 712 1020 9,
733 935 762 998 4.
784 938 813 1000 5.
854 936 902 1019 12,
923 936 953 999 4.
995 935 1093 1019 13,1.
1139 935 1187 1019 14,
1209 937 1239 999 2.

152 1047 249 1130 16,,1.
274 1044 321 1128 18,
344 1044 372 1108 8.
404 1043 455 1127 20,
477 1043 506 1108 3.
528 1044 557 1108 5.
591 1043 641 1127 22,
663 1043 692 1107 2.
725 1044 776 1127 23,
799 1043 827 1108 8.
860 1044 910 1127 35,
931 1044 961 1107 4.
995 1043 1045 1126 36,
1066 1043 1095 1106 5.

229 1151 303 1216 Huc
329 1151 452 1216 accedit
481 1151 565 1238 quod
594 1151 713 1216 Caesar
744 1173 810 1216 non
838 1153 939 1216 solum
969 1152 1002 1214 in
1031 1149 1173 1234 perfecto
1207 1159 1239 1214 ct

150 1259 458 1346 plusquamperfecto
494 1260 612 1322 1311133
649 1258 740 1324 verbi
779 1258 971 1323 substantivi
1014 1257 1239 1322 antecedentes

150 1367 259 1433 neddit
280 1368 447 1452 participio
478 1367 533 1431 sed
556 1368 652 1432 etiam
674 1368 706 1430 11
728 1365 883 1441 11111113,
906 1365 1053 1452 quodque
1075 1365 1239 1430 adiectivis

150 1497 273 1560 quoque
298 1473 431 1539 verbum
458 1474 693 1539 substantivum
722 1474 859 1539 libenter
888 1475 1078 1559 anteposuit.
1125 1473 1240 1558 Neque

140 1583 280 1656 ¹verbum
301 1604 364 1646 3333
385 1591 509 1646 tantum
530 1584 576 1647 ita
598 1583 754 1647 collocare
774 1580 946 1663 adamavit,
969 1582 1025 1646 sed
1041 1583 1136 1647 etiam
1148 1605 1240 1668 pocae
1362 1671 1364 1676 Ι

151 1701 181 1755 31
201 1691 329 1773 31111113,
361 1691 507 1774 exempla
527 1690 681 1754 nonnulla
702 1689 864 1754 adferam:
896 1689 926 1754 b.
948 1712 973 1753 o.
996 1689 1014 1752 I
1036 1691 1073 1753 17
1100 1691 1134 1756 13
1154 1691 1238 1775 peri-

151 1799 250 1863 culum
271 1821 334 1863 3333
355 1811 526 1862 vecturum.
579 1798 621 1862 50
642 1811 734 1883 atque
755 1811 822 1862 erat
844 1797 979 1884 difficile.
1023 1798 1053 1861 b.
1074 1819 1105 1882 g.
1128 1796 1177 1862 VI
1200 1798 1239 1863 10

142 1907 184 1992 fit
211 1907 251 1970 ab
284 1905 374 1970 111113
402 1906 523 1970 certior.
567 1904 598 1968 V
619 1905 660 1969 25
688 1905 788 1970 locum
815 1905 953 1970 1111311113
985 1929 1049 1970 3333
1076 1907 1238 1970 munitum.

150 2015 178 2079 b.
201 2038 226 2079 3.
248 2014 284 2079 Π
306 2014 344 2078 19
372 2037 436 2078 3333
450 2026 582 2100 praesto
606 2012 777 2077 Cordubae.
828 2012 882 2077 III
906 2013 943 2077 10
971 2035 1036 2078 3333
1065 2013 1237 2078 diocesem.

149 2124 188 2188 63
216 2135 320 2208 posset
340 2122 452 2186 1331311.
496 2121 534 2185 81
563 2121 631 2205 fait
652 2143 779 2185 11333333.
823 2121 863 2184 99
889 2120 958 2204 fuit
970 2120 1109 2205 falsum.
1152 2121 1183 2186 b.
1206 2144 1237 2206 g.

148 2229 214 2294 VII
234 2230 274 2295 35
302 2243 378 2294 33331
406 2230 441 2293 ia
465 2242 637 2314 conspectu.
681 2227 766 2293 VIII
787 2229 828 2294 55
855 2241 922 2292 erat
946 2227 1083 2292 dubium.
1129 2229 1238 2293 Etiam

148 2338 178 2402 b.
200 2359 231 2422 g.
254 2338 285 2402 V
305 2337 347 2402 23
377 2338 496 2402 invenit
526 2337 663 2420 refectae
697 2337 936 2401 similitudinem
971 2335 1131 2421 quandam
1167 2359 1239 2400 cum

149 2444 198 2510 1113
220 2467 301 2532 quae
321 2444 416 2508 modo
439 2447 618 2510 enumerari
640 2446 793 2531 exemplis
815 2445 921 2510 habet.

230 2553 384 2618 Videmus
414 2554 512 2637 igitur
541 2553 711 2619 0333313111
746 2554 913 2619 adamasse
944 2553 1078 2618 verbum
1113 2577 1177 2619 3333
1207 2563 1239 2618 31

147 2661 263 2725 similia
295 2663 340 2725 eis
374 2661 537 2726 vocabulis
573 2661 762 2747 quibuscum
794 2664 964 2727 coniuncta
997 2672 1071 2726 sunt
1100 2661 1240 2726 neddere

148 2767 379 2851 antecedentia,
411 2768 496 2833 hunc
527 2778 634 2834 autem
663 2791 756 2834 usum
785 2770 852 2834 1313
879 2791 945 2834 131
971 2769 1125 2834 habemus
1154 2768 1239 2853 apud

147 2875 333 2942 Sallustium
355 2886 387 2941 31
408 2878 440 2940 11
462 2876 523 2940 133
544 2898 639 2941 causa
653 2878 759 2961 posita
781 2886 829 2942 est
846 2900 901 2942 cur
915 2876 1091 2941 Hoffmann
1107 2875 1241 2941 eandem

148 2982 414 3068 observationem,
450 3006 544 3071 quam
573 2984 613 3050 dc
642 2986 746 3069 logico
777 2996 955 3071 temporum
993 2986 1240 3069 compositorum

148 3113 207 3155 usu
230 3092 314 3176 apud
337 3092 507 3158 Gaesarem
534 3093 690 3176 instituit,
721 3094 806 3178 apud
833 3093 1020 3160 Sallustium
1049 3093 1155 3159 lacere
1175 3115 1240 3158 non

147 3201 296 3285 potuerit.

233 3308 314 3374 Cum
341 3310 374 3373 in
402 3310 439 3373 iis
470 3332 552 3395 quae
583 3310 776 3376 antecedunt
810 3310 944 3375 dixerim
973 3311 1175 3395 participium
1206 3311 1239 3373 in

148 3417 345 3502 temporibus
388 3419 571 3502 compositis
614 3418 707 3483 facile
749 3418 790 3482 ad
829 3427 978 3482 naturam
1013 3417 1240 3483 adiectivorum

147 3525 309 3611 accedere,
331 3527 477 3612 exempla
488 3526 641 3591 nonnulla
662 3526 806 3591 adferam
826 3528 860 3589 in
879 3526 993 3611 quibus
1009 3548 1049 3591 ex
1063 3526 1239 3611 adiectivis,

148 3654 232 3717 quae
254 3633 362 3699 addita
385 3645 459 3699 sunt
480 3636 568 3702 velut
599 3636 769 3699 transitum
800 3635 841 3699 ad
862 3635 947 3699 huno
967 3635 1148 3700 liberiorem
1170 3657 1240 3720 par-

147 3742 330 3826 ticipiorum
351 3764 442 3807 usum
463 3743 664 3827 agnoscimus
687 3743 727 3807 31.
749 3743 780 3807 b.
804 3764 835 3827 g.
858 3741 925 3806 VII
945 3743 986 3806 22
1014 3756 1120 3808 notum
1149 3755 1240 3828 atque

146 3849 299 3914 1131131331
321 3865 373 3915 331.
423 3851 454 3916 b.
477 3874 503 3914 c.
526 3850 579 3915 III
599 3851 641 3916 40
670 3874 752 3937 quae
781 3850 1239 3939 31311331193133311113333.

145 3958 188 4022 43
210 3971 300 4022 31331
321 3958 401 4023 311111
420 3972 512 4044 atque
535 3960 646 4045 asperi
662 3959 764 4023 331133.
814 3958 854 4022 31.
884 3960 980 4022 etiam
1008 3958 1038 4022 b.
1059 3981 1091 4043 g.
1113 3959 1180 4024 VH
1199 3961 1239 4025 55

146 4079 217 4130 ero-t
237 4066 389 4152 oppidum
405 4068 555 4153 positum.
600 4066 630 4130 b.
654 4090 679 4130 3.
702 4065 755 4130 III
776 4067 796 4130 9
818 4079 862 4131 331
883 4080 984 4131 autem
1005 4067 1157 4154 oppidum
1170 4116 1176 4129 .
1190 4118 1197 4134 .
1211 4118 1238 4132 ..

145 4176 302 4238 munitum
325 4176 358 4238 in
380 4175 494 4260 quibus
517 4175 719 4260 participium
739 4175 805 4238 vim
827 4176 1034 4259 temporalem
1055 4184 1157 4240 totam
1177 4177 1241 4242 iam

147 4284 258 4348 amisit
277 4283 400 4348 etiamsi
422 4283 580 4349 adiectiva
601 4304 665 4346 non
688 4282 835 4368 adposita
855 4291 938 4346 sunt.
