3162 5088
806 509 848 572 44

281 706 358 772 VII.
388 708 463 773 duo
485 717 677 795 tempora
698 710 935 775 coniuncta
956 720 1059 775 sunt
1088 711 1130 775 in
1151 712 1378 776 enuntiato

386 816 649 882 secundario,

364 951 540 1015 Hoffmann
567 950 683 1016 adtulit
713 972 787 1015 ann.
809 950 845 1016 Π
873 951 916 1016 82
940 963 1114 1038 postquam
1141 919 1332 1037 percrebuit*
1350 965 1379 1015 et

283 1058 520 1142 adferebantur,
554 1059 754 1145 erumpebant
790 1073 913 1144 questus
947 1058 1086 1123 addendi
1119 1059 1152 1124 hi
1185 1068 1260 1124 sunt
1292 1058 1375 1123 loci:

282 1188 355 1231 ann.
378 1164 448 1230 ΧΠ
476 1165 496 1230 6
529 1178 695 1252 postquam
725 1166 799 1244 baec
829 1164 974 1253 permisit
1001 1167 1162 1252 multaque
1194 1167 1377 1254 sequebatur

283 1295 310 1338 e.
333 1295 363 1359 q.
385 1297 408 1338 s.
456 1297 530 1342 ann.
559 1273 648 1339 XIII
674 1274 715 1339 26
750 1288 919 1362 postquam
954 1275 1149 1341 aduenerant
1176 1299 1377 1363 puquamque

278 1383 455 1467 poscebaut,
487 1382 647 1463 funditur.
701 1381 756 1466 (cf.
795 1385 892 1449 etiam
931 1383 1004 1450 hist.
1032 1383 1069 1448 II
1108 1384 1157 1468 19,
1190 1384 1218 1448 1.
1261 1385 1311 1468 72,
1344 1386 1373 1450 9.

282 1510 355 1554 snn.
375 1488 429 1556 IH
449 1490 499 1574 55,
521 1491 566 1574 9.)

281 1637 374 1704 VIII.
400 1662 465 1704 non
495 1663 536 1705 ex
567 1641 637 1725 ipsa
675 1642 802 1707 actione
837 1641 989 1727 primaria
1024 1641 1143 1726 pendet
1176 1643 1375 1707 enuntiatum

400 1771 421 1813 a
441 1749 597 1834 particula
614 1762 783 1835 postquam
806 1749 985 1834 incipiens:

429 1903 504 1968 ann.
527 1867 664 1965 xv'45,
688 1883 726 1948 12
755 1883 920 1968 ferebatur
942 1882 1058 1949 Seneca
1080 1884 1222 1949 orouuse
1243 1897 1271 1949 et
1290 1897 1375 1969 post·

469 2013 563 2074 quam
585 2014 648 2055 uou
669 1990 902 2072 concedebatur,
924 1990 1021 2076 quase'
1040 2040 1090 2068 ...
1115 1990 1291 2056 cubiculum
1313 2016 1375 2056 uon

469 2120 616 2185 opressus.
660 2098 736 2164 ibid.
758 2099 850 2182 67,4
877 2122 950 2163 moos
977 2097 1144 2163 corumdem
1173 2098 1295 2164 iudicio
1317 2098 1374 2164 Su-

476 2207 563 2270 brius
583 2207 707 2272 Flauus
726 2206 872 2272 tribuous
890 2207 1090 2294 peruertitur,
1110 2206 1216 2293 prr'mo
1237 2207 1374 2289 trabeas,

466 2315 553 2394 'deiru
573 2329 741 2400 postquam
768 2313 969 2401 torquebatur,
1000 2314 1210 2399 confessionis
1237 2314 1375 2402 qborr'am

469 2423 644 2512 ampleuus.
688 2423 761 2490 dial.
783 2423 833 2508 38,
857 2424 895 2488 17
917 2447 979 2487 rou
1002 2421 1135 2509 denique
1155 2423 1240 2488 ubbus
1266 2425 1379 2511 maqrt'

470 2532 606 2597 oratoris
628 2531 706 2595 biber
727 2530 817 2617 apud
837 2531 1043 2596 centumuiros
1239 2532 1376 2618 acceptis

470 2639 666 2706 oratr‘oue'bus
700 2621 810 2704 Ase‘ut'u‘
837 2663 917 2726 quae
938 2663 1003 2725 pro
1032 2639 1197 2705 heredebus
1224 2641 1376 2706 Urbiniae

469 2749 686 2814 inscribuntur
707 2747 747 2812 ab
768 2748 838 2833 ipso
860 2761 963 2812 tamem
984 2748 1128 2827 babitus,
1156 2762 1373 2834 postquam..

466 2870 651 2942 pacauerat.
695 2855 769 2921 hist.
790 2855 844 2920 III
864 2855 915 2940 47,
936 2856 958 2919 4
977 2857 1007 2920 is
1026 2856 1093 2941 fuit
1114 2858 1265 2923 Am‘cetus
1286 2857 1374 2922 Pole-

469 2965 570 3029 mom‘s
592 2964 730 3047 libertus,
757 2977 950 3050 praepotens
977 2964 1052 3029 obe'm
1073 2978 1119 3044 et,
1146 2979 1312 3053 postquam
1332 3002 1376 3012 -

469 3083 613 3150 uerterat,
635 3072 820 3136 mutationis
840 3072 1019 3158 impatiens.

279 3222 340 3287 IX.
377 3242 449 3286 oum
484 3223 628 3287 oratione
663 3221 793 3308 obliqua
838 3222 1025 3307 cohaerent,
1069 3223 1225 3308 praebent
1266 3234 1376 3290 sutem

375 3330 580 3395 nihilominus
601 3330 812 3395 indicativum
832 3331 912 3396 haee
934 3331 1103 3417 exempla:

423 3451 500 3503 sun.
522 3437 571 3502 1v
593 3439 643 3523 rs,
665 3440 714 3504 25.
752 3438 802 3503 vl
824 3439 864 3502 14
884 3421 935 3523 (s)
954 3440 983 3504 s.
1016 3441 1056 3504 31
1079 3439 1161 3524 (25),
1182 3441 1211 3505 3.

427 3719 455 3770 et
474 3718 663 3792 postquam:
685 3726 759 3771 ann.
781 3705 799 3769 I
820 3706 870 3771 28.
910 3705 946 3769 Π
967 3706 1017 3771 55.
1040 3705 1090 3771 66.
1129 3705 1177 3772 IV
1199 3707 1228 3772 3.
1250 3707 1301 3771 49.
1323 3707 1373 3771 68.

469 3814 518 3878 72.
559 3813 645 3879 XIV
665 3813 715 3878 49.
757 3812 823 3878 XV
844 3814 894 3879 37.
954 3813 1067 3880 dmude
1085 3826 1272 3900 postquam:
1298 3813 1372 3879 hist.

469 3920 519 3986 IV
540 3923 589 3987 39
632 3921 719 3986 XIII
743 3921 790 3986 14
812 3921 861 3985 21.
885 3922 935 3986 4l.
992 3947 1067 3986 uam
1093 3935 1262 4008 potquam:
1298 3944 1372 3987 ann.

470 4030 523 4095 XI
542 4031 592 4096 22.
629 4055 667 4096 ac
686 4045 873 4118 postquam:
894 4053 968 4096 ann.
984 4031 1072 4096 XIII
1085 4031 1136 4095 44.
1178 4031 1277 4184 e'qe‘tur
1287 4043 1371 4117 post·

467 4161 582 4225 quam:
604 4161 678 4204 ann
699 4137 782 4204 XIV
804 4137 854 4204 60.

727 4309 924 4319 ——-—-
