<?xml version="1.0" encoding="UTF-8"?>
<!DOCTYPE html PUBLIC "-//W3C//DTD XHTML 1.0 Transitional//EN"
    "http://www.w3.org/TR/xhtml1/DTD/xhtml1-transitional.dtd">
<html xmlns="http://www.w3.org/1999/xhtml" xml:lang="en" lang="en">
 <head>
  <title>
</title>
<meta http-equiv="Content-Type" content="text/html;charset=utf-8" />
  <meta name='ocr-system' content='tesseract 3.04.00' />
  <meta name='ocr-capabilities' content='ocr_page ocr_carea ocr_par ocr_line ocrx_word'/>
</head>
<body>
  <div class='ocr_page' id='page_1' title='image "./quaestionessynt00ihmgoog_0053.png"; bbox 0 0 3162 5088; ppageno 0'>
   <div class='ocr_carea' id='block_1_1' title="bbox 576 531 772 627">
    <p class='ocr_par' dir='ltr' id='par_1_1' title="bbox 576 531 772 627">
     <span class='ocr_line' id='line_1_1' title="bbox 576 531 772 627; baseline 0 -1"><span class='ocrx_word' id='word_1_1' title='bbox 576 531 772 627; x_wconf 28' lang='lat' dir='ltr'><strong><em>*HN</em></strong></span> 
     </span>
    </p>
   </div>
   <div class='ocr_carea' id='block_1_2' title="bbox 162 729 1221 1249">
    <p class='ocr_par' dir='ltr' id='par_1_2' title="bbox 277 729 1219 817">
     <span class='ocr_line' id='line_1_2' title="bbox 277 729 1219 817; baseline 0.004 -25"><span class='ocrx_word' id='word_1_2' title='bbox 277 729 390 811; x_wconf 82' lang='lat' dir='ltr'><strong><em>iratus,</em></strong></span> <span class='ocrx_word' id='word_1_3' title='bbox 412 742 582 816; x_wconf 74' lang='lat' dir='ltr'><strong><em>antequam</em></strong></span> <span class='ocrx_word' id='word_1_4' title='bbox 601 767 641 778; x_wconf 90' lang='lat'>—</span> <span class='ocrx_word' id='word_1_5' title='bbox 662 731 839 817; x_wconf 70' lang='lat' dir='ltr'><strong><em>offenderet.</em></strong></span> <span class='ocrx_word' id='word_1_6' title='bbox 883 730 956 796; x_wconf 86' lang='lat' dir='ltr'><strong><em>hist.</em></strong></span> <span class='ocrx_word' id='word_1_7' title='bbox 976 731 1011 796; x_wconf 91' lang='lat' dir='ltr'>H</span> <span class='ocrx_word' id='word_1_8' title='bbox 1032 732 1073 796; x_wconf 82' lang='lat'><strong><em>96</em></strong></span> <span class='ocrx_word' id='word_1_9' title='bbox 1094 733 1219 796; x_wconf 85' lang='lat' dir='ltr'><strong><em>nuntia·</em></strong></span> 
     </span>
    </p>

    <p class='ocr_par' dir='ltr' id='par_1_3' title="bbox 162 821 1221 1249">
     <span class='ocr_line' id='line_1_3' title="bbox 162 821 1220 932; baseline 0.006 -32"><span class='ocrx_word' id='word_1_10' title='bbox 162 821 165 826; x_wconf 36' lang='lat'>⁵</span> <span class='ocrx_word' id='word_1_11' title='bbox 200 916 207 932; x_wconf 89' lang='lat'><strong><em>.</em></strong></span> <span class='ocrx_word' id='word_1_12' title='bbox 279 849 340 919; x_wconf 71' lang='lat' dir='ltr'><strong><em>aar,</em></strong></span> <span class='ocrx_word' id='word_1_13' title='bbox 361 838 467 902; x_wconf 85' lang='lat' dir='ltr'><strong><em>missis</em></strong></span> <span class='ocrx_word' id='word_1_14' title='bbox 488 838 638 924; x_wconf 71' lang='lat' dir='ltr'><strong><em>epistolis,</em></strong></span> <span class='ocrx_word' id='word_1_15' title='bbox 660 853 827 925; x_wconf 84' lang='lat' dir='ltr'><strong><em>antequam</em></strong></span> <span class='ocrx_word' id='word_1_16' title='bbox 842 839 1076 928; x_wconf 79' lang='lat' dir='ltr'><strong><em>adqraqanetur.</em></strong></span> <span class='ocrx_word' id='word_1_17' title='bbox 1117 840 1165 906; x_wconf 91' lang='lat' dir='ltr'><strong><em>IV</em></strong></span> <span class='ocrx_word' id='word_1_18' title='bbox 1179 842 1220 906; x_wconf 75' lang='lat'><strong><em>52</em></strong></span> 
     </span>
     <span class='ocr_line' id='line_1_4' title="bbox 283 945 1221 1035; baseline 0.005 -27"><span class='ocrx_word' id='word_1_19' title='bbox 283 945 397 1025; x_wconf 84' lang='lat' dir='ltr'><strong><em>Titum,</em></strong></span> <span class='ocrx_word' id='word_1_20' title='bbox 427 958 594 1031; x_wconf 85' lang='lat' dir='ltr'><strong><em>antequam</em></strong></span> <span class='ocrx_word' id='word_1_21' title='bbox 625 946 849 1035; x_wconf 83' lang='lat' dir='ltr'><strong><em>diqrsdarstur,</em></strong></span> <span class='ocrx_word' id='word_1_22' title='bbox 880 971 986 1012; x_wconf 77' lang='lat' dir='ltr'><strong><em>orasse</em></strong></span> <span class='ocrx_word' id='word_1_23' title='bbox 1011 948 1129 1032; x_wconf 79' lang='lat' dir='ltr'><strong><em>ferunt.</em></strong></span> <span class='ocrx_word' id='word_1_24' title='bbox 1171 948 1221 1013; x_wconf 92' lang='lat' dir='ltr'><strong><em>IV</em></strong></span> 
     </span>
     <span class='ocr_line' id='line_1_5' title="bbox 281 1052 1218 1141; baseline 0.005 -25"><span class='ocrx_word' id='word_1_25' title='bbox 281 1053 321 1117; x_wconf 74' lang='lat'><strong><em>79</em></strong></span> <span class='ocrx_word' id='word_1_26' title='bbox 342 1052 425 1118; x_wconf 81' lang='lat' dir='ltr'><strong><em>unda</em></strong></span> <span class='ocrx_word' id='word_1_27' title='bbox 444 1067 543 1118; x_wconf 83' lang='lat' dir='ltr'><strong><em>matus</em></strong></span> <span class='ocrx_word' id='word_1_28' title='bbox 569 1067 597 1118; x_wconf 84' lang='lat' dir='ltr'><strong><em>at</em></strong></span> <span class='ocrx_word' id='word_1_29' title='bbox 625 1055 727 1119; x_wconf 85' lang='lat' dir='ltr'><strong><em>iustae</em></strong></span> <span class='ocrx_word' id='word_1_30' title='bbox 747 1077 858 1141; x_wconf 76' lang='lat' dir='ltr'><strong><em>preses</em></strong></span> <span class='ocrx_word' id='word_1_31' title='bbox 885 1056 1109 1136; x_wconf 77' lang='lat' dir='ltr'><strong><em>invocantium,</em></strong></span> <span class='ocrx_word' id='word_1_32' title='bbox 1137 1070 1218 1121; x_wconf 85' lang='lat' dir='ltr'><strong><em>anta-</em></strong></span> 
     </span>
     <span class='ocr_line' id='line_1_6' title="bbox 276 1161 635 1249; baseline 0.003 -26"><span class='ocrx_word' id='word_1_33' title='bbox 276 1184 370 1245; x_wconf 89' lang='lat' dir='ltr'><strong><em>quam</em></strong></span> <span class='ocrx_word' id='word_1_34' title='bbox 391 1161 635 1249; x_wconf 82' lang='lat' dir='ltr'><strong><em>aaainqarantur.</em></strong></span> 
     </span>
    </p>
   </div>
   <div class='ocr_carea' id='block_1_3' title="bbox 493 1375 859 1462">
    <p class='ocr_par' dir='ltr' id='par_1_4' title="bbox 493 1337 859 1462">
     <span class='ocr_line' id='line_1_7' title="bbox 493 1375 859 1462; baseline -0.003 -20"><span class='ocrx_word' id='word_1_35' title='bbox 493 1377 615 1462; x_wconf 87' lang='lat' dir='ltr'><strong>Apud</strong></span> <span class='ocrx_word' id='word_1_36' title='bbox 641 1375 859 1442; x_wconf 82' lang='lat' dir='ltr'><strong><em>Velleium.</em></strong></span> 
     </span>
    </p>
   </div>
   <div class='ocr_carea' id='block_1_4' title="bbox 130 1533 842 1620">
    <p class='ocr_par' dir='ltr' id='par_1_5' title="bbox 130 1533 842 1620">
     <span class='ocr_line' id='line_1_8' title="bbox 130 1533 842 1620; baseline 0.004 -24"><span class='ocrx_word' id='word_1_37' title='bbox 130 1533 155 1598; x_wconf 90' lang='lat' dir='ltr'><strong><em>I.</em></strong></span> <span class='ocrx_word' id='word_1_38' title='bbox 193 1555 277 1597; x_wconf 87' lang='lat' dir='ltr'><strong><em>aum</em></strong></span> <span class='ocrx_word' id='word_1_39' title='bbox 299 1535 571 1599; x_wconf 82' lang='lat' dir='ltr'><strong><em>coniunctivo</em></strong></span> <span class='ocrx_word' id='word_1_40' title='bbox 593 1533 842 1620; x_wconf 81' lang='lat' dir='ltr'><strong>imperfecti.</strong></span> 
     </span>
    </p>
   </div>
   <div class='ocr_carea' id='block_1_5' title="bbox 216 1667 1238 1755">
    <p class='ocr_par' dir='ltr' id='par_1_6' title="bbox 216 1667 1238 1755">
     <span class='ocr_line' id='line_1_9' title="bbox 216 1667 1238 1755; baseline 0.005 -26"><span class='ocrx_word' id='word_1_41' title='bbox 216 1689 244 1730; x_wconf 86' lang='lat' dir='ltr'><strong><em>a.</em></strong></span> <span class='ocrx_word' id='word_1_42' title='bbox 275 1668 308 1730; x_wconf 88' lang='lat' dir='ltr'><strong><em>in</em></strong></span> <span class='ocrx_word' id='word_1_43' title='bbox 341 1669 505 1733; x_wconf 85' lang='lat' dir='ltr'><strong><em>enuntiato</em></strong></span> <span class='ocrx_word' id='word_1_44' title='bbox 541 1667 729 1733; x_wconf 83' lang='lat' dir='ltr'><strong><em>secundario</em></strong></span> <span class='ocrx_word' id='word_1_45' title='bbox 765 1667 956 1734; x_wconf 85' lang='lat' dir='ltr'><strong>indicativus</strong></span> <span class='ocrx_word' id='word_1_46' title='bbox 992 1679 1041 1734; x_wconf 84' lang='lat' dir='ltr'><strong><em>est</em></strong></span> <span class='ocrx_word' id='word_1_47' title='bbox 1076 1671 1238 1755; x_wconf 78' lang='lat' dir='ltr'><strong>perfecti.-</strong></span> 
     </span>
    </p>
   </div>
   <div class='ocr_carea' id='block_1_6' title="bbox 276 1773 1218 1969">
    <p class='ocr_par' dir='ltr' id='par_1_7' title="bbox 276 1773 1218 1969">
     <span class='ocr_line' id='line_1_10' title="bbox 276 1773 1218 1861; baseline 0.002 -21"><span class='ocrx_word' id='word_1_48' title='bbox 276 1773 1218 1861; x_wconf 62' lang='lat' dir='ltr'><strong><em>ammuumsmumamtma</em></strong></span> 
     </span>
     <span class='ocr_line' id='line_1_11' title="bbox 284 1883 1013 1969; baseline 0.003 -21"><span class='ocrx_word' id='word_1_49' title='bbox 284 1883 1013 1969; x_wconf 54' lang='lat' dir='ltr'><strong><em>uayflsimaauma</em></strong></span> 
     </span>
    </p>
   </div>
   <div class='ocr_carea' id='block_1_7' title="bbox 224 1990 1221 2185">
    <p class='ocr_par' dir='ltr' id='par_1_8' title="bbox 224 1990 1221 2185">
     <span class='ocr_line' id='line_1_12' title="bbox 224 1990 1221 2079; baseline 0.004 -25"><span class='ocrx_word' id='word_1_50' title='bbox 224 1990 255 2056; x_wconf 86' lang='lat' dir='ltr'><strong><em>b.</em></strong></span> <span class='ocrx_word' id='word_1_51' title='bbox 284 1992 317 2056; x_wconf 91' lang='lat' dir='ltr'><strong><em>in</em></strong></span> <span class='ocrx_word' id='word_1_52' title='bbox 347 1993 511 2057; x_wconf 83' lang='lat' dir='ltr'><strong><em>enuntiato</em></strong></span> <span class='ocrx_word' id='word_1_53' title='bbox 541 1994 691 2078; x_wconf 86' lang='lat' dir='ltr'><strong><em>primario</em></strong></span> <span class='ocrx_word' id='word_1_54' title='bbox 730 2004 779 2058; x_wconf 85' lang='lat' dir='ltr'><strong><em>est</em></strong></span> <span class='ocrx_word' id='word_1_55' title='bbox 810 1992 1001 2058; x_wconf 80' lang='lat' dir='ltr'><strong>indicativus</strong></span> <span class='ocrx_word' id='word_1_56' title='bbox 1041 1994 1221 2079; x_wconf 85' lang='lat' dir='ltr'><strong><em>plusquam-</em></strong></span> 
     </span>
     <span class='ocr_line' id='line_1_13' title="bbox 275 2098 678 2185; baseline 0 -21"><span class='ocrx_word' id='word_1_57' title='bbox 275 2098 419 2185; x_wconf 81' lang='lat' dir='ltr'><strong><em>perfssti.</em></strong></span> <span class='ocrx_word' id='word_1_58' title='bbox 463 2099 628 2184; x_wconf 69' lang='lat'><strong>001128,</strong></span> <span class='ocrx_word' id='word_1_59' title='bbox 651 2101 678 2164; x_wconf 93' lang='lat'><strong><em>1.</em></strong></span> 
     </span>
    </p>
   </div>
   <div class='ocr_carea' id='block_1_8' title="bbox 127 2240 769 2328">
    <p class='ocr_par' dir='ltr' id='par_1_9' title="bbox 127 2240 769 2328">
     <span class='ocr_line' id='line_1_14' title="bbox 127 2240 769 2328; baseline 0.005 -24"><span class='ocrx_word' id='word_1_60' title='bbox 127 2240 170 2305; x_wconf 93' lang='grc' dir='ltr'><strong><em>ΙΙ.</em></strong></span> <span class='ocrx_word' id='word_1_61' title='bbox 206 2263 291 2305; x_wconf 84' lang='lat' dir='ltr'><strong><em>aum</em></strong></span> <span class='ocrx_word' id='word_1_62' title='bbox 312 2241 551 2307; x_wconf 83' lang='lat' dir='ltr'><strong><em>indicativo</em></strong></span> <span class='ocrx_word' id='word_1_63' title='bbox 573 2242 769 2328; x_wconf 84' lang='lat' dir='ltr'><strong>perfecti.</strong></span> 
     </span>
    </p>
   </div>
   <div class='ocr_carea' id='block_1_9' title="bbox 214 2376 1217 2569">
    <p class='ocr_par' dir='ltr' id='par_1_10' title="bbox 214 2376 1217 2569">
     <span class='ocr_line' id='line_1_15' title="bbox 214 2376 1217 2461; baseline 0.002 -22"><span class='ocrx_word' id='word_1_64' title='bbox 214 2397 243 2438; x_wconf 87' lang='lat' dir='ltr'><strong><em>a.</em></strong></span> <span class='ocrx_word' id='word_1_65' title='bbox 275 2377 309 2439; x_wconf 91' lang='lat' dir='ltr'><strong><em>in</em></strong></span> <span class='ocrx_word' id='word_1_66' title='bbox 330 2377 495 2440; x_wconf 84' lang='lat' dir='ltr'><strong><em>enuntiato</em></strong></span> <span class='ocrx_word' id='word_1_67' title='bbox 517 2377 668 2461; x_wconf 84' lang='lat' dir='ltr'><strong><em>primario</em></strong></span> <span class='ocrx_word' id='word_1_68' title='bbox 691 2385 740 2440; x_wconf 85' lang='lat' dir='ltr'><strong><em>est</em></strong></span> <span class='ocrx_word' id='word_1_69' title='bbox 761 2376 856 2440; x_wconf 88' lang='lat' dir='ltr'><strong><em>india.</em></strong></span> <span class='ocrx_word' id='word_1_70' title='bbox 878 2377 958 2461; x_wconf 84' lang='lat' dir='ltr'>perf.</span> <span class='ocrx_word' id='word_1_71' title='bbox 1003 2377 1036 2458; x_wconf 80' lang='grc' dir='ltr'><strong><em>δ)</em></strong></span> <span class='ocrx_word' id='word_1_72' title='bbox 1059 2377 1094 2441; x_wconf 92' lang='grc' dir='ltr'><strong><em>ΙΙ</em></strong></span> <span class='ocrx_word' id='word_1_73' title='bbox 1116 2379 1166 2460; x_wconf 82' lang='lat'><strong><em>45,</em></strong></span> <span class='ocrx_word' id='word_1_74' title='bbox 1188 2379 1217 2441; x_wconf 80' lang='lat'><strong><em>5.</em></strong></span> 
     </span>
     <span class='ocr_line' id='line_1_16' title="bbox 217 2481 818 2569; baseline 0.003 -23"><span class='ocrx_word' id='word_1_75' title='bbox 217 2482 248 2546; x_wconf 90' lang='lat' dir='ltr'><strong><em>b.</em></strong></span> <span class='ocrx_word' id='word_1_76' title='bbox 277 2485 436 2548; x_wconf 82' lang='lat' dir='ltr'><strong><em>soniuuat</em></strong></span> <span class='ocrx_word' id='word_1_77' title='bbox 457 2484 560 2569; x_wconf 83' lang='lat' dir='ltr'><strong><em>plusq.</em></strong></span> <span class='ocrx_word' id='word_1_78' title='bbox 602 2485 637 2568; x_wconf 85' lang='grc' dir='ltr'><strong><em>β)</em></strong></span> <span class='ocrx_word' id='word_1_79' title='bbox 659 2481 695 2546; x_wconf 93' lang='grc' dir='ltr'>Π</span> <span class='ocrx_word' id='word_1_80' title='bbox 715 2484 766 2567; x_wconf 85' lang='grc'><strong><em>48,</em></strong></span> <span class='ocrx_word' id='word_1_81' title='bbox 789 2485 818 2550; x_wconf 84' lang='grc'><strong><em>2.</em></strong></span> 
     </span>
    </p>
   </div>
   <div class='ocr_carea' id='block_1_10' title="bbox 126 2621 1219 3578">
    <p class='ocr_par' dir='ltr' id='par_1_11' title="bbox 126 2621 1219 3578">
     <span class='ocr_line' id='line_1_17' title="bbox 126 2621 1218 2714; baseline 0.004 -27"><span class='ocrx_word' id='word_1_82' title='bbox 126 2621 188 2688; x_wconf 80' lang='grc' dir='ltr'><strong><em>ΠΙ.</em></strong></span> <span class='ocrx_word' id='word_1_83' title='bbox 210 2623 301 2688; x_wconf 83' lang='lat' dir='ltr'><strong><em>Haec</em></strong></span> <span class='ocrx_word' id='word_1_84' title='bbox 321 2634 445 2690; x_wconf 77' lang='lat' dir='ltr'><strong>restant</strong></span> <span class='ocrx_word' id='word_1_85' title='bbox 466 2624 631 2710; x_wconf 83' lang='lat' dir='ltr'><strong><em>exempla:</em></strong></span> <span class='ocrx_word' id='word_1_86' title='bbox 653 2623 671 2688; x_wconf 95' lang='lat' dir='ltr'>I</span> <span class='ocrx_word' id='word_1_87' title='bbox 692 2624 721 2708; x_wconf 76' lang='lat' dir='ltr'><strong><em>i,</em></strong></span> <span class='ocrx_word' id='word_1_88' title='bbox 743 2625 764 2690; x_wconf 88' lang='lat'><strong>3</strong></span> <span class='ocrx_word' id='word_1_89' title='bbox 784 2624 842 2688; x_wconf 81' lang='lat' dir='ltr'><strong><em>sad</em></strong></span> <span class='ocrx_word' id='word_1_90' title='bbox 862 2625 995 2690; x_wconf 82' lang='lat' dir='ltr'><strong><em>Marsus</em></strong></span> <span class='ocrx_word' id='word_1_91' title='bbox 1012 2627 1098 2710; x_wconf 80' lang='lat' dir='ltr'><strong><em>Oata,</em></strong></span> <span class='ocrx_word' id='word_1_92' title='bbox 1119 2651 1218 2714; x_wconf 89' lang='lat' dir='ltr'><strong><em>quau·</em></strong></span> 
     </span>
     <span class='ocr_line' id='line_1_18' title="bbox 275 2730 1217 2820; baseline 0.003 -24"><span class='ocrx_word' id='word_1_93' title='bbox 275 2745 340 2797; x_wconf 89' lang='lat' dir='ltr'><strong><em>tum</em></strong></span> <span class='ocrx_word' id='word_1_94' title='bbox 360 2731 483 2818; x_wconf 60' lang='lat' dir='ltr'><strong><em>dffart,</em></strong></span> <span class='ocrx_word' id='word_1_95' title='bbox 511 2733 569 2818; x_wconf 86' lang='lat' dir='ltr'><strong><em>qui</em></strong></span> <span class='ocrx_word' id='word_1_96' title='bbox 599 2730 695 2811; x_wconf 79' lang='lat' dir='ltr'><strong><em>dicat,</em></strong></span> <span class='ocrx_word' id='word_1_97' title='bbox 726 2733 844 2797; x_wconf 82' lang='lat' dir='ltr'><strong><em>stetisse</em></strong></span> <span class='ocrx_word' id='word_1_98' title='bbox 876 2732 1020 2820; x_wconf 80' lang='lat' dir='ltr'><strong><em>Capuam</em></strong></span> <span class='ocrx_word' id='word_1_99' title='bbox 1050 2748 1217 2820; x_wconf 74' lang='lat' dir='ltr'><strong><em>antequam</em></strong></span> 
     </span>
     <span class='ocr_line' id='line_1_19' title="bbox 275 2840 1218 2926; baseline 0.002 -22"><span class='ocrx_word' id='word_1_100' title='bbox 275 2865 295 2904; x_wconf 93' lang='lat' dir='ltr'><strong><em>a</em></strong></span> <span class='ocrx_word' id='word_1_101' title='bbox 318 2840 473 2905; x_wconf 81' lang='lat' dir='ltr'><strong><em>Romanis</em></strong></span> <span class='ocrx_word' id='word_1_102' title='bbox 501 2852 663 2926; x_wconf 80' lang='lat' dir='ltr'><strong><em>caperetur</em></strong></span> <span class='ocrx_word' id='word_1_103' title='bbox 694 2841 789 2906; x_wconf 85' lang='lat' dir='ltr'><strong><em>annis</em></strong></span> <span class='ocrx_word' id='word_1_104' title='bbox 819 2842 946 2906; x_wconf 77' lang='lat' dir='ltr'><strong><em>circiter</em></strong></span> <span class='ocrx_word' id='word_1_105' title='bbox 977 2840 1119 2907; x_wconf 81' lang='lat' dir='ltr'><strong><em>ducentis</em></strong></span> <span class='ocrx_word' id='word_1_106' title='bbox 1150 2865 1218 2906; x_wconf 83' lang='lat' dir='ltr'><strong><em>ssa·-</em></strong></span> 
     </span>
     <span class='ocr_line' id='line_1_20' title="bbox 275 2929 1219 3037; baseline 0.004 -26"><span class='ocrx_word' id='word_1_107' title='bbox 275 2929 395 3035; x_wconf 86' lang='lat' dir='ltr'><strong><em>aqinta.</em></strong></span> <span class='ocrx_word' id='word_1_108' title='bbox 437 2947 473 3014; x_wconf 90' lang='lat' dir='ltr'>H</span> <span class='ocrx_word' id='word_1_109' title='bbox 493 2948 544 3032; x_wconf 83' lang='grc'><strong><em>49,</em></strong></span> <span class='ocrx_word' id='word_1_110' title='bbox 566 2948 586 3013; x_wconf 90' lang='grc'><strong>3</strong></span> <span class='ocrx_word' id='word_1_111' title='bbox 609 2947 691 3012; x_wconf 75' lang='lat' dir='ltr'><strong><em>nihil</em></strong></span> <span class='ocrx_word' id='word_1_112' title='bbox 711 2961 866 3036; x_wconf 74' lang='lat' dir='ltr'><strong><em>receptum</em></strong></span> <span class='ocrx_word' id='word_1_113' title='bbox 888 2973 908 3013; x_wconf 90' lang='lat' dir='ltr'><strong><em>a</em></strong></span> <span class='ocrx_word' id='word_1_114' title='bbox 927 2949 1128 3037; x_wconf 74' lang='lat' dir='ltr'><strong><em>Pompeianis</em></strong></span> <span class='ocrx_word' id='word_1_115' title='bbox 1150 2974 1219 3015; x_wconf 82' lang='lat' dir='ltr'><strong><em>sum</em></strong></span> 
     </span>
     <span class='ocr_line' id='line_1_21' title="bbox 276 3055 1219 3139; baseline 0.004 -20"><span class='ocrx_word' id='word_1_116' title='bbox 276 3055 356 3120; x_wconf 83' lang='lat' dir='ltr'><strong><em>altar</em></strong></span> <span class='ocrx_word' id='word_1_117' title='bbox 377 3055 487 3121; x_wconf 77' lang='lat' dir='ltr'><strong><em>consui</em></strong></span> <span class='ocrx_word' id='word_1_118' title='bbox 503 3057 585 3120; x_wconf 88' lang='lat' dir='ltr'><strong><em>iusto</em></strong></span> <span class='ocrx_word' id='word_1_119' title='bbox 600 3069 676 3121; x_wconf 81' lang='lat' dir='ltr'><strong><em>asset</em></strong></span> <span class='ocrx_word' id='word_1_120' title='bbox 686 3056 841 3139; x_wconf 74' lang='lat' dir='ltr'><strong><em>feracior,</em></strong></span> <span class='ocrx_word' id='word_1_121' title='bbox 861 3056 1015 3122; x_wconf 79' lang='lat' dir='ltr'><strong><em>Lentulus</em></strong></span> <span class='ocrx_word' id='word_1_122' title='bbox 1032 3057 1142 3122; x_wconf 84' lang='lat' dir='ltr'><strong><em>saluas</em></strong></span> <span class='ocrx_word' id='word_1_123' title='bbox 1156 3081 1219 3123; x_wconf 82' lang='lat' dir='ltr'><strong><em>assa</em></strong></span> 
     </span>
     <span class='ocr_line' id='line_1_22' title="bbox 274 3163 1218 3252; baseline 0.002 -24"><span class='ocrx_word' id='word_1_124' title='bbox 274 3187 335 3228; x_wconf 84' lang='lat' dir='ltr'><strong><em>non</em></strong></span> <span class='ocrx_word' id='word_1_125' title='bbox 350 3177 476 3250; x_wconf 77' lang='lat' dir='ltr'><strong><em>posset,</em></strong></span> <span class='ocrx_word' id='word_1_126' title='bbox 507 3163 552 3227; x_wconf 89' lang='lat' dir='ltr'><strong><em>M.</em></strong></span> <span class='ocrx_word' id='word_1_127' title='bbox 576 3176 678 3230; x_wconf 82' lang='lat' dir='ltr'><strong><em>autam</em></strong></span> <span class='ocrx_word' id='word_1_128' title='bbox 702 3163 779 3230; x_wconf 75' lang='lat' dir='ltr'><strong><em>Cata</em></strong></span> <span class='ocrx_word' id='word_1_129' title='bbox 804 3164 998 3230; x_wconf 82' lang='lat' dir='ltr'><strong><em>mam‘endum</em></strong></span> <span class='ocrx_word' id='word_1_130' title='bbox 1021 3177 1101 3246; x_wconf 81' lang='lat' dir='ltr'><strong><em>anta,</em></strong></span> <span class='ocrx_word' id='word_1_131' title='bbox 1123 3189 1218 3252; x_wconf 87' lang='lat' dir='ltr'><strong><em>quam</em></strong></span> 
     </span>
     <span class='ocr_line' id='line_1_23' title="bbox 272 3270 1219 3359; baseline 0.003 -23"><span class='ocrx_word' id='word_1_132' title='bbox 272 3272 373 3336; x_wconf 84' lang='lat' dir='ltr'><strong><em>ullam</em></strong></span> <span class='ocrx_word' id='word_1_133' title='bbox 403 3270 615 3338; x_wconf 79' lang='lat' dir='ltr'><strong><em>condicionem</em></strong></span> <span class='ocrx_word' id='word_1_134' title='bbox 641 3273 735 3359; x_wconf 80' lang='lat' dir='ltr'><strong><em>pasis</em></strong></span> <span class='ocrx_word' id='word_1_135' title='bbox 766 3272 986 3359; x_wconf 79' lang='lat' dir='ltr'><strong><em>accipiendam</em></strong></span> <span class='ocrx_word' id='word_1_136' title='bbox 1008 3272 1219 3359; x_wconf 72' lang='lat' dir='ltr'><strong><em>reipublicae</em></strong></span> 
     </span>
     <span class='ocr_line' id='line_1_24' title="bbox 275 3379 1218 3469; baseline 0.002 -25"><span class='ocrx_word' id='word_1_137' title='bbox 275 3379 452 3445; x_wconf 79' lang='lat' dir='ltr'><strong><em>ostenderet.</em></strong></span> <span class='ocrx_word' id='word_1_138' title='bbox 495 3379 595 3464; x_wconf 77' lang='grc'><strong>129,3</strong></span> <span class='ocrx_word' id='word_1_139' title='bbox 615 3381 698 3469; x_wconf 71' lang='lat' dir='ltr'><strong><em>mina</em></strong></span> <span class='ocrx_word' id='word_1_140' title='bbox 720 3380 876 3446; x_wconf 80' lang='lat' dir='ltr'><strong><em>aelam&#39;tats</em></strong></span> <span class='ocrx_word' id='word_1_141' title='bbox 896 3381 1078 3468; x_wconf 68' lang='lat' dir='ltr'><strong><em>compressit</em></strong></span> <span class='ocrx_word' id='word_1_142' title='bbox 1096 3394 1130 3446; x_wconf 88' lang='lat' dir='ltr'><strong><em>ut</em></strong></span> <span class='ocrx_word' id='word_1_143' title='bbox 1147 3395 1218 3446; x_wconf 84' lang='lat' dir='ltr'><strong><em>ants</em></strong></span> 
     </span>
     <span class='ocr_line' id='line_1_25' title="bbox 270 3488 1216 3578; baseline 0 -26"><span class='ocrx_word' id='word_1_144' title='bbox 270 3488 409 3575; x_wconf 77' lang='lat' dir='ltr'><strong><em>populus</em></strong></span> <span class='ocrx_word' id='word_1_145' title='bbox 420 3488 583 3578; x_wconf 72' lang='lat' dir='ltr'><strong><em>Romanus</em></strong></span> <span class='ocrx_word' id='word_1_146' title='bbox 593 3489 705 3554; x_wconf 77' lang='lat' dir='ltr'><strong><em>vicima</em></strong></span> <span class='ocrx_word' id='word_1_147' title='bbox 721 3512 761 3571; x_wconf 82' lang='lat' dir='ltr'><strong><em>sa,</em></strong></span> <span class='ocrx_word' id='word_1_148' title='bbox 776 3511 871 3576; x_wconf 90' lang='lat' dir='ltr'><strong><em>quam</em></strong></span> <span class='ocrx_word' id='word_1_149' title='bbox 886 3488 1003 3553; x_wconf 79' lang='lat' dir='ltr'><strong><em>ballare</em></strong></span> <span class='ocrx_word' id='word_1_150' title='bbox 1015 3503 1216 3578; x_wconf 72' lang='lat' dir='ltr'><strong><em>inquisierat.</em></strong></span> 
     </span>
    </p>
   </div>
   <div class='ocr_carea' id='block_1_11' title="bbox 120 3620 1217 4118">
    <p class='ocr_par' dir='ltr' id='par_1_12' title="bbox 120 3620 1217 4118">
     <span class='ocr_line' id='line_1_26' title="bbox 205 3620 1217 3707; baseline 0.002 -23"><span class='ocrx_word' id='word_1_151' title='bbox 205 3621 303 3707; x_wconf 89' lang='lat' dir='ltr'><strong>Apud</strong></span> <span class='ocrx_word' id='word_1_152' title='bbox 334 3620 590 3687; x_wconf 79' lang='lat' dir='ltr'><strong><em>Sallustium</em></strong></span> <span class='ocrx_word' id='word_1_153' title='bbox 629 3621 783 3688; x_wconf 83' lang='lat' dir='ltr'><strong><em>habemus</em></strong></span> <span class='ocrx_word' id='word_1_154' title='bbox 819 3643 883 3686; x_wconf 89' lang='lat' dir='ltr'><strong><em>uno</em></strong></span> <span class='ocrx_word' id='word_1_155' title='bbox 914 3622 985 3687; x_wconf 83' lang='lat' dir='ltr'>loeo</span> <span class='ocrx_word' id='word_1_156' title='bbox 1018 3621 1217 3686; x_wconf 84' lang='lat' dir='ltr'><strong><em>enuntiatum</em></strong></span> 
     </span>
     <span class='ocr_line' id='line_1_27' title="bbox 121 3728 1216 3817; baseline 0.004 -25"><span class='ocrx_word' id='word_1_157' title='bbox 121 3751 142 3792; x_wconf 85' lang='lat' dir='ltr'><strong><em>a</em></strong></span> <span class='ocrx_word' id='word_1_158' title='bbox 162 3729 320 3815; x_wconf 84' lang='lat' dir='ltr'><strong><em>particula</em></strong></span> <span class='ocrx_word' id='word_1_159' title='bbox 341 3743 508 3814; x_wconf 82' lang='lat' dir='ltr'><strong><em>antequam</em></strong></span> <span class='ocrx_word' id='word_1_160' title='bbox 529 3730 704 3814; x_wconf 82' lang='lat' dir='ltr'><strong><em>incipiens:</em></strong></span> <span class='ocrx_word' id='word_1_161' title='bbox 725 3728 797 3814; x_wconf 89' lang='lat' dir='ltr'><strong>Iug.</strong></span> <span class='ocrx_word' id='word_1_162' title='bbox 818 3729 905 3814; x_wconf 80' lang='lat'><strong><em>97,4</em></strong></span> <span class='ocrx_word' id='word_1_163' title='bbox 925 3743 952 3794; x_wconf 83' lang='lat' dir='ltr'><strong><em>st</em></strong></span> <span class='ocrx_word' id='word_1_164' title='bbox 970 3732 1216 3817; x_wconf 70' lang='lat' dir='ltr'><strong><em>priusquam</em></strong></span> 
     </span>
     <span class='ocr_line' id='line_1_28' title="bbox 121 3837 1216 3926; baseline 0.003 -26"><span class='ocrx_word' id='word_1_165' title='bbox 121 3839 277 3903; x_wconf 78' lang='lat' dir='ltr'><strong><em>saeraitus</em></strong></span> <span class='ocrx_word' id='word_1_166' title='bbox 298 3851 354 3902; x_wconf 87' lang='lat' dir='ltr'><strong><em>aut</em></strong></span> <span class='ocrx_word' id='word_1_167' title='bbox 375 3838 501 3920; x_wconf 85' lang='lat' dir='ltr'><strong><em>instrui,</em></strong></span> <span class='ocrx_word' id='word_1_168' title='bbox 523 3849 579 3904; x_wconf 87' lang='lat' dir='ltr'><strong><em>aut</em></strong></span> <span class='ocrx_word' id='word_1_169' title='bbox 599 3838 747 3903; x_wconf 77' lang='lat' dir='ltr'><strong><em>sarsinas</em></strong></span> <span class='ocrx_word' id='word_1_170' title='bbox 767 3837 921 3926; x_wconf 65' lang='lat' dir='ltr'><strong><em>cotiique,</em></strong></span> <span class='ocrx_word' id='word_1_171' title='bbox 946 3838 1079 3924; x_wconf 75' lang='lat' dir='ltr'><strong><em>danique</em></strong></span> <span class='ocrx_word' id='word_1_172' title='bbox 1101 3853 1216 3907; x_wconf 84' lang='lat' dir='ltr'><strong><em>anta·</em></strong></span> 
     </span>
     <span class='ocr_line' id='line_1_29' title="bbox 121 3945 1215 4033; baseline 0.002 -24"><span class='ocrx_word' id='word_1_173' title='bbox 121 3969 235 4031; x_wconf 89' lang='lat' dir='ltr'><strong><em>quam</em></strong></span> <span class='ocrx_word' id='word_1_174' title='bbox 270 3949 394 4033; x_wconf 77' lang='lat' dir='ltr'><strong><em>siquam</em></strong></span> <span class='ocrx_word' id='word_1_175' title='bbox 429 3959 485 4010; x_wconf 91' lang='lat' dir='ltr'><strong><em>aut</em></strong></span> <span class='ocrx_word' id='word_1_176' title='bbox 521 3946 688 4032; x_wconf 80' lang='lat' dir='ltr'><strong><em>imparium</em></strong></span> <span class='ocrx_word' id='word_1_177' title='bbox 719 3945 821 4010; x_wconf 81' lang='lat' dir='ltr'><strong><em>uliam</em></strong></span> <span class='ocrx_word' id='word_1_178' title='bbox 848 3947 995 4032; x_wconf 81' lang='lat' dir='ltr'><strong><em>aaaipsra</em></strong></span> <span class='ocrx_word' id='word_1_179' title='bbox 1027 3948 1136 4031; x_wconf 83' lang='lat' dir='ltr'><strong><em>quivit,</em></strong></span> <span class='ocrx_word' id='word_1_180' title='bbox 1168 3947 1215 4010; x_wconf 86' lang='lat' dir='ltr'><strong><em>in·</em></strong></span> 
     </span>
     <span class='ocr_line' id='line_1_30' title="bbox 120 4066 263 4118; baseline 0 -2"><span class='ocrx_word' id='word_1_181' title='bbox 120 4066 263 4118; x_wconf 77' lang='lat' dir='ltr'><strong><em>currunt.</em></strong></span> 
     </span>
    </p>
   </div>
   <div class='ocr_carea' id='block_1_12' title="bbox 0 0 1586 5088">
    <p class='ocr_par' dir='ltr' id='par_1_13' title="bbox 0 0 1586 5088">
     <span class='ocr_line' id='line_1_31' title="bbox 0 0 1586 5088; baseline 0 4"><span class='ocrx_word' id='word_1_182' title='bbox 0 0 1586 5088; x_wconf 95' lang='lat' dir='ltr'><strong><em> </em></strong></span> 
     </span>
    </p>
   </div>
  </div>
 </body>
</html>
