3162 5088
660 520 701 585 37

398 753 402 760 ¹
490 806 698 890 Particula
723 807 858 891 tortia.

213 1087 295 1153 Oum
316 1087 456 1152 secunda
476 1097 577 1174 porte,
611 1110 674 1174 qua
703 1089 737 1152 in
767 1112 803 1154 re
833 1091 1014 1155 consecutio
1044 1100 1224 1177 temporum

133 1198 236 1282 posita
256 1197 306 1281 eit,
328 1197 586 1280 examinaverim,
606 1197 784 1261 accuratius
806 1197 871 1262 iam
892 1199 1129 1264 enuntiatorum
1144 1209 1222 1266 tem·

133 1304 286 1390 poralium
307 1303 464 1389 quaedam
486 1326 605 1389 genera
626 1305 781 1370 tractabo.

285 1513 291 1525 ·
400 1481 460 1546 De
488 1483 702 1567 particula
728 1495 952 1569 postquam.

211 1614 398 1679 Hoffmanni
420 1615 502 1679 ratio
531 1617 565 1679 in
587 1615 783 1701 explicandis
805 1617 1013 1703 temporibus,
1041 1639 1123 1702 quae
1151 1639 1223 1680 cum

131 1723 286 1808 particula
304 1736 472 1809 postquam
499 1724 737 1808 coniunguntur
765 1723 845 1790 haec
873 1724 940 1790 fere
971 1725 1075 1808 est¹):
1108 1726 1222 1810 imper·

131 1831 249 1895 fectum
271 1840 303 1895 et
323 1830 686 1917 plusquamperfectum,
714 1832 741 1896 si
769 1833 836 1896 vim
862 1832 983 1897 habent
1003 1834 1171 1898 relativam
1192 1834 1225 1897 in

133 1939 302 2003 enuntiatis
326 1938 554 2024 temporalibus
574 1961 640 2004 non
662 1941 877 2024 inveniuntur,
904 1941 966 2005 nisi
988 1943 1225 2006 coniunctivum

130 2047 312 2133 praebeant,
342 2068 406 2132 qua
435 2047 476 2113 de
497 2069 593 2112 causa
623 2047 832 2112 indicativum
858 2048 1038 2134 imperfecti
1064 2051 1096 2114 in
1127 2071 1224 2114 enun-

130 2157 217 2221 tiatis
238 2178 259 2220 a
279 2156 436 2242 particula
461 2169 630 2243 postquam
660 2157 886 2243 incipientibus
915 2179 980 2221 non
1007 2159 1074 2221 vim
1103 2167 1223 2244 tempo·

128 2265 228 2329 ralem
248 2265 416 2330 relativam
437 2265 572 2350 habere,
604 2264 661 2330 sed
685 2253 878 2350 'qualitatem
906 2275 1032 2330 tantum
1064 2266 1224 2352 quandam

129 2374 263 2438 actionis
309 2373 508 2458 significare,
551 2374 855 2460 plusquamperfecti
897 2397 973 2440 vero
1016 2374 1224 2440 indicativum

130 2502 255 2567 semper
276 2482 380 2566 logice
401 2504 471 2547 esse
492 2482 744 2567 intellegendum
769 2483 800 2548 h.
824 2506 850 2548 e.
883 2484 969 2548 idem
989 2484 1097 2550 valere
1126 2493 1224 2570 atque

128 2591 360 2676 imperfectum,
394 2590 480 2676 quod
502 2590 631 2676 quidem
652 2590 732 2655 nihil
752 2590 838 2655 aliud
860 2591 1019 2676 significet
1040 2593 1101 2657 nisi
1123 2593 1221 2678 quali·

128 2708 228 2764 tatem
249 2699 410 2784 quandam
432 2700 568 2764 actionis
589 2721 654 2764 non
676 2700 827 2784 temporis
849 2700 1022 2764 notionem.

212 2806 334 2872 Contra
353 2805 437 2872 hanc
458 2808 651 2872 sententiam
673 2806 842 2872 dicendum
864 2819 923 2893 est,
951 2811 979 2874 si
999 2807 1221 2894 imperfectum

127 2917 161 2980 in
184 2915 356 2980 enuntiatis
385 2937 405 2978 a
431 2916 589 3000 particula
614 2929 782 3002 postquam
809 2917 1034 3004 incipientibus
1055 2919 1122 2982 vim
1142 2926 1220 2981 tem-

126 3025 270 3110 poralem
300 3024 468 3088 relativam
498 3045 564 3088 non
601 3023 734 3108 habeat,
777 3025 834 3089 sed
871 3027 1057 3111 qualitatem
1095 3035 1221 3091 tantum

125 3133 262 3198 actionis
284 3131 492 3198 secundariae
512 3133 641 3218 indicet,
673 3133 706 3198 id
727 3156 793 3199 non
815 3133 885 3200 esse
906 3134 981 3199 inde
1002 3133 1220 3219 repetendum,

126 3239 214 3327 quod
255 3240 447 3305 indicativus
490 3241 668 3328 imperfecti
703 3243 736 3305 in
779 3243 952 3307 enuntiatis
992 3241 1221 3328 temporalibus

124 3348 210 3414 hanc
238 3351 305 3414 vim
342 3349 550 3435 temporalem
587 3350 754 3414 relativam
785 3372 851 3414 non
886 3350 1021 3431 habeat,
1062 3349 1116 3415 sed
1146 3349 1221 3416 inde

125 3455 309 3541 quodcum
338 3459 470 3523 notione
498 3459 673 3545 particulae
697 3471 864 3544 postquam
893 3466 978 3522 staro
1006 3459 1127 3543 nequit,
1157 3480 1221 3543 qua

124 3566 327 3650 significatur
348 3567 431 3631 actio
450 3564 642 3649 secundaria
662 3587 728 3630 non
745 3575 902 3651 quatenus
921 3587 979 3652 per
996 3565 1081 3630 idem
1094 3575 1219 3652 tempus

123 3675 245 3738 actioni
266 3675 436 3760 primariae
456 3673 567 3758 durat,
596 3672 654 3739 sed
676 3667 832 3759 quatenus
854 3683 910 3738 aut
931 3673 1074 3760 perfecta
1096 3683 1144 3738 est
1165 3683 1220 3739 aut

122 3783 256 3868 incepit,
287 3783 471 3868 priusquam
499 3783 582 3847 actio
612 3783 763 3867 primaria
792 3783 932 3868 incipiat.
975 3782 1219 3869 Plusquamper-

124 3890 204 3954 fecti
226 3911 302 3954 vero
324 3892 496 3975 genuinam
525 3912 563 3954 ac
590 3891 752 3976 propriam
778 3891 943 3955 notionem
974 3913 1038 3954 non
1067 3890 1218 3975 intellego

123 4019 183 4061 cur
212 4007 371 4062 mutemus
401 3999 433 4062 in
462 3998 640 4083 imperfecti
667 3999 733 4063 vim
770 4020 808 4062 ac
835 3996 1118 4083 significationem,
1148 4020 1219 4062 cum

199 4301 220 4369 ¹)
239 4301 432 4368 Zeitpartilreln
450 4318 474 4368 p.
493 4304 526 4352 46
544 4317 599 4368 sqq.
628 4271 630 4278 Ι
