3162 5088
691 507 732 570 23

612 597 806 604 -———..

158 717 282 790 turpem
304 728 434 770 causam
449 705 615 788 uideretur,
632 706 725 793 lapara
738 706 962 794 promalyaoit,
979 719 1012 771 ut
1026 741 1068 754 -
1081 705 1253 772 solvantur.

165 812 318 877 Videmus
348 835 498 898 praesens
530 817 685 880 enuntiati
718 814 896 880 secundarii
929 814 1153 898 explicandum
1184 837 1255 880 esse
1296 867 1297 870 η

165 923 293 1006 propria
314 923 450 1007 quadam
471 923 605 987 actionis
628 922 836 988 secundariae
851 932 967 986 natura
980 924 1157 1007 temporali,
1179 945 1255 987 nam

165 1051 204 1093 ex
236 1029 348 1094 eodem
378 1029 477 1094 verbo
508 1031 635 1114 regenti
672 1029 790 1115 pendet
827 1031 923 1094 etiam
954 1031 1151 1095 enuntiatum
1184 1052 1254 1094 cum

166 1137 367 1201 coniunctivo
389 1139 577 1222 imperfecti.

246 1243 299 1308 Ex
320 1243 469 1311 Sallustio
491 1245 553 1310 huc
573 1244 776 1313 referendum
797 1253 861 1310 est:
894 1243 972 1329 Jug.
993 1245 1036 1309 24
1063 1245 1191 1330 invasa,
1221 1257 1255 1310 ut

164 1352 284 1417 habeat.
328 1373 373 1418 or.
395 1352 510 1439 Lepidi
531 1357 551 1436 ξ
572 1353 601 1418 8.
645 1375 690 1418 or.
713 1353 853 1438 Philippi
874 1354 894 1433 ἓ
917 1353 965 1420 19.

245 1460 359 1526 Restat
379 1483 464 1526 nunc
485 1471 520 1526 ut
541 1462 694 1526 nonnulla
715 1460 819 1526 dicam
840 1460 880 1525 de
894 1461 1045 1546 perfectis
1060 1462 1253 1546 compositis.

165 1566 200 1634 Si
220 1567 305 1652 apud
327 1568 463 1632 eundem
484 1570 671 1654 scriptorem
693 1569 827 1652 legimus
850 1582 1037 1654 omnpertum
1058 1582 1102 1634 est
1123 1580 1155 1634 et
1174 1594 1254 1635 com-

163 1689 283 1761 pertum
313 1676 409 1766 dedeo
443 1675 520 1741 illud
555 1689 744 1762 compertam
780 1689 824 1741 est
858 1698 959 1761 prope
997 1676 1037 1740 ad
1078 1679 1255 1761 praesentis

166 1784 327 1848 notionem
354 1783 492 1866 accedit,
524 1783 617 1848 huius
651 1793 757 1848 autem
788 1785 834 1848 rei
867 1805 995 1848 causam
1029 1806 1094 1848 non
1125 1794 1191 1849 tam
1221 1787 1255 1850 in

167 1891 317 1973 singulari
339 1890 475 1975 quadam
498 1902 529 1955 et
556 1892 687 1976 propria
713 1891 848 1975 perfecti
877 1902 993 1957 natura
1019 1893 1156 1976 positam
1184 1915 1255 1958 esse
1302 1898 1305 1905 '

166 2008 257 2082 puto,
291 2020 386 2083 quam
425 1999 458 2062 in
489 1999 673 2083 participio,
706 2000 793 2062 cuius
831 2000 927 2062 insita
958 1999 1148 2082 significatio
1176 2011 1254 2066 tem-

165 2107 250 2191 poris
279 2107 407 2170 evanuit
437 2106 585 2192 quodque
614 2106 767 2183 adiectiri¹
791 2106 859 2171 fere
887 2109 953 2170 vim
982 2107 1089 2173 habet.
1131 2108 1255 2174 Tamen

165 2215 341 2280 cavendum
355 2207 411 2280 est
431 2237 472 2279 ne
493 2214 554 2279 hac
576 2214 756 2300 explicandi
783 2216 908 2280 ratione
936 2217 982 2279 ita
1011 2215 1188 2300 abutamur,
1218 2229 1255 2283 ut

163 2323 261 2388 nimio
297 2325 402 2388 omnia
438 2324 596 2410 aequandi
635 2324 739 2389 studio
780 2323 993 2409 pulcherrima
1032 2325 1087 2389 illa
1126 2325 1255 2409 linguae

164 2432 201 2494 iu-
226 2433 350 2496 ratione
378 2433 546 2517 temporali
574 2433 781 2518 exprimenda
810 2434 947 2498 varietas
977 2433 1135 2515 deleatur,
1169 2433 1254 2519 quod

164 2539 202 2603 E.
224 2538 399 2604 Hoffmann
421 2540 536 2604 fecisse
556 2540 692 2624 videtur,
727 2542 777 2604 cui
798 2541 839 2605 ad
861 2540 1030 2606 solvendas
1053 2541 1254 2606 difficultates

163 2649 388 2730 grammaticas
410 2669 476 2712 non
497 2650 598 2713 solum
612 2649 790 2733 perfectum
804 2632 1018 2716 necessarium
1033 2659 1101 2714 erat
1115 2650 1255 2733 logicum

166 2753 223 2819 sed
245 2758 341 2820 etiam
363 2756 717 2841 plusquamperfectum.
760 2755 837 2820 dicit
869 2757 954 2822 enim
976 2757 1128 2842 Zeitpart.
1151 2779 1182 2842 p.
1206 2761 1254 2824 15.

165 2863 268 2928 Odsur
287 2901 328 2910 -
350 2864 434 2930 nicht
454 2888 488 2929 so
510 2864 591 2929 each
612 2863 734 2930 Sallust
764 2864 832 2928 aad
852 2864 967 2929 Livius
994 2865 1050 2929 Ιιαῖ
1076 2867 1111 2948 afa
1132 2865 1255 2932 celedon

163 2970 277 3034 Fauen
299 2972 341 3056 (si
361 2974 462 3037 utitur
483 2971 794 3058 plusquamperfecto
815 2972 936 3056 logico)
969 2985 1039 3037 erat
1059 2973 1110 3038 olo
1133 2973 1255 3060 Copula

162 3079 252 3143 meist
273 3078 340 3144 dem
361 3079 507 3166 Portiet‘p
528 3079 756 3168 voraoyestellt.
807 3081 870 3144 Die
899 3080 1092 3168 sonpekelrrtc
1113 3079 1254 3166 Stelluap

161 3185 260 3268 findet
279 3187 345 3252 siclt
367 3212 451 3253 zwar
472 3189 562 3272 cccl,
585 3187 662 3254 docls
684 3188 795 3270 ditesce
816 3189 882 3253 siclt
903 3188 1083 3254 sclwmlfcfr
1104 3190 1154 3254 ct‘a
1177 3189 1263 3254 Foll'

161 3294 279 3379 finden,
309 3319 355 3359 roo
385 3295 436 3364 dea'
459 3296 659 3360 aoratacter
686 3295 793 3360 Natur
833 3294 893 3360 das
924 3296 1155 3381 Httlfsoerdum
1184 3297 1272 3362 dem·

164 3401 309 3487 Partieip
331 3402 550 3490 cornupestcllt
570 3403 663 3468 wird.
705 3403 800 3468 Hanc
821 3403 1076 3469 observationem
1096 3413 1253 3489 quatenus
1356 3451 1358 3456 ·

162 3522 251 3578 recta
272 3522 320 3577 est
341 3521 374 3577 et
395 3534 472 3577 vera
491 3513 537 3577 ita
558 3532 631 3575 cum
651 3520 762 3576 nostra
781 3513 940 3577 sententia
962 3514 1156 3597 coniungere
1180 3536 1252 3599 pos·

163 3643 279 3704 sumus,
301 3631 336 3686 ut
358 3621 498 3686 dicamus
521 3622 621 3686 multo
642 3621 766 3685 facilius
787 3620 866 3705 fieri,
888 3629 924 3684 ut
938 3623 1106 3707 participia
1122 3625 1155 3686 in
1173 3631 1251 3687 tem-
1274 3626 1276 3630 ’

162 3729 292 3813 poribus
321 3729 503 3814 compositis
532 3728 573 3792 ad
594 3738 741 3794 naturam
768 3727 998 3817 adiectivorum
1025 3730 1202 3814 accedant,⁴
1225 3732 1252 3795 si

162 3857 200 3899 eo
222 3835 307 3920 quod
330 3838 443 3921 copula
471 3835 631 3900 antecedit
660 3835 763 3899 forma
793 3838 946 3921 temporis
966 3858 1031 3901 non
1053 3840 1098 3902 ita
1118 3860 1183 3902 una
1203 3848 1252 3903 est

163 3954 196 4009 et
217 3945 352 4029 integra,
375 3967 470 4032 quam
491 3947 518 4010 si
539 3947 652 4030 copula
672 3946 876 4032 participium
890 3948 1041 4031 sequitur,
1063 3947 1251 4030 praesertim

162 4053 199 4136 si,
229 4053 313 4138 quod
342 4075 438 4139 saepe
464 4053 509 4137 fit,
541 4055 654 4138 copula
680 4054 888 4141 aparticipio
918 4075 980 4118 uno
1010 4055 1063 4119 vel
1090 4054 1250 4118 nonnullis

161 4160 325 4225 vocabulis
346 4171 394 4226 est
416 4172 595 4245 segregata.
903 4179 904 4182 ’
