3162 5088
849 524 889 591 36

773 615 970 622 ——-——

288 789 290 794 ,
321 733 436 788 natura
467 746 525 788 sua
555 725 588 788 in
620 734 800 810 temporum
835 726 959 789 ratione
998 735 1048 789 est
1086 724 1232 808 liberior,
1272 744 1338 788 non
1379 724 1441 786 in-

321 833 477 928 venimus

406 964 488 1029 (lum
509 974 616 1028 autem
634 986 699 1028 non
720 965 959 1050 intellegeretur
992 975 1093 1030 totam
1117 960 1206 1029 bano
1232 986 1301 1029 rem
1324 963 1440 1028 facile

324 1072 476 1157 explicari
504 1093 598 1156 posse
619 1074 646 1136 si
667 1072 837 1137 discrimen
865 1075 949 1138 inter
976 1074 1144 1138 relativam
1176 1083 1209 1138 et
1236 1072 1437 1137 absolutam

322 1189 501 1264 temporum
522 1182 679 1272 rationem
700 1190 904 1265 statueretur,
920 1183 1026 1246 omnia
1043 1204 1126 1267 quae
1136 1181 1199 1245 huc
1211 1180 1436 1267 pertinebant

322 1288 424 1352 relata
457 1297 531 1352 sunt
560 1289 601 1353 ad
632 1290 793 1373 propriam
822 1288 982 1372 quandam
1003 1291 1069 1353 vim
1090 1291 1224 1354 actionis
1246 1289 1435 1374 primariae

323 1405 530 1480 temporaque
553 1397 586 1459 in
607 1395 685 1459 duas
708 1397 778 1460 illas
801 1398 917 1462 classes
945 1396 1135 1481 distributa,
1163 1418 1245 1482 quae
1273 1396 1434 1480 legitima

323 1504 377 1567 via
397 1504 481 1566 inter
502 1525 536 1568 se
558 1505 709 1588 coniungi
730 1525 823 1588 posse
844 1507 1044 1589 grammatici
1065 1514 1195 1589 negant.

405 1634 496 1700 Haec
516 1646 623 1700 autem
646 1646 825 1722 temporum
847 1636 1030 1702 distributio
1050 1659 1088 1701 ea
1102 1637 1142 1701 de
1157 1659 1253 1701 causa
1267 1645 1430 1701 accurata

324 1764 389 1806 non
411 1753 460 1806 est
482 1754 514 1808 et
534 1765 599 1808 non
620 1746 683 1808 nisi
703 1745 744 1809 ad
766 1744 987 1830 explicandam
1017 1746 1103 1811 illam
1135 1756 1315 1830 temporum
1344 1767 1428 1808 con-

324 1851 519 1915 secutionem
541 1851 628 1915 facta
650 1863 719 1916 es'se
734 1852 861 1917 videtur
876 1855 951 1938 quia
966 1856 999 1917 in
1018 1856 1233 1939 praesentium
1250 1875 1428 1918 numerum

323 1957 474 2042 redigunt
519 1968 551 2024 et
592 1960 769 2044 perfectum
809 1961 886 2027 illud
922 1963 1008 2046 quod
1042 1962 1182 2047 logicum
1217 1971 1351 2026 vocatur
1387 1971 1427 2026 et

324 2066 475 2130 futurum.

408 2199 526 2264 Totum
541 2222 617 2265 vero
636 2201 713 2266 illud
732 2224 845 2286 genus,
861 2202 946 2288 quod
962 2214 1141 2289 temporum
1161 2204 1424 2268 consecutionem

325 2316 452 2390 vocant,
482 2330 554 2371 cum
582 2310 615 2372 in
644 2311 774 2394 propria
796 2309 934 2394 quadam
954 2311 1045 2375 verbi
1063 2293 1205 2396 regentis
1227 2312 1259 2373 vi
1279 2311 1424 2395 positum

327 2436 396 2478 esse
418 2417 637 2480 existimarent
659 2419 868 2502 grammatici,
899 2419 932 2483 id
954 2419 1039 2504 quod
1061 2421 1164 2504 primo
1194 2421 1227 2483 in
1257 2418 1422 2482 nonnullis

327 2531 452 2585 tantum
473 2522 726 2590 observaverunt
747 2527 984 2590 enuntiatorum
1005 2527 1177 2610 generibus
1200 2526 1421 2592 extendebant

329 2630 419 2714 quasi
451 2631 484 2692 in
517 2632 663 2697 omnibus
693 2633 825 2718 valeret,
862 2635 1010 2720 quodque
1045 2637 1078 2699 in
1110 2637 1148 2699 iis
1181 2637 1420 2700 enuntiatorum

327 2740 498 2822 generibus
521 2741 725 2806 observatum
747 2753 796 2806 est
817 2765 898 2828 quae
920 2765 1045 2828 semper
1068 2745 1305 2808 coniunctivum
1327 2765 1418 2829 prae-

327 2847 405 2911 bent
431 2848 472 2912 ad
500 2850 662 2934 propriam
684 2850 845 2935 quandam
867 2853 1061 2916 coniunctivi
1082 2852 1187 2936 legem
1208 2852 1418 2917 referebatur.
