3162 5088
554 540 750 636 Α,
844 593 847 602 =

110 750 211 827 patur‚
241 752 278 807 ut
298 740 457 826 significet
486 741 606 826 aliquid
627 741 712 828 quod
734 741 776 807 ad
797 762 891 806 omne
912 751 1036 827 tempus
1059 751 1193 828 spectet.

110 848 253 915 absolute
273 851 372 934 igitur
393 851 561 914 coniuncta
582 857 630 914 est
657 851 740 914 actio
769 850 957 914 secundaria
978 872 1049 914 cum
1070 852 1196 914 actione

110 959 273 1042 primaria,
303 959 330 1021 si
350 967 510 1043 tempus
533 967 728 1042 spectamus3
760 959 893 1022 relative
914 967 998 1022 esset
1019 959 1196 1042 coniuncta,
1285 1017 1286 1022 ,

111 1067 147 1148 si,
169 1074 204 1129 ut
226 1066 406 1150 exemplum
427 1065 579 1149 adferam,
603 1065 715 1130 Cicero
737 1087 768 1150 p.
779 1063 873 1130 Rosa.
890 1065 1023 1150 Amne,
1038 1067 1096 1131 116
1112 1087 1196 1130 non:

111 1171 156 1236 ad
175 1168 263 1236 caius
275 1172 374 1258 fidem
405 1171 567 1258 confnqiet
595 1173 633 1255 is,
661 1196 730 1236 cum
757 1172 895 1236 laeditur
924 1174 1111 1258 scripsisset,
1140 1172 1197 1238 sed

110 1304 177 1344 cunt
198 1280 347 1345 laedetur.
375 1280 416 1345 In
438 1280 584 1343 omnibus
605 1281 677 1363 illis,
699 1302 781 1365 quae
797 1279 972 1345 Hoffmann
990 1281 1196 1364 enumeravit,

110 1389 261 1472 exemplis
283 1390 365 1453 ratio
387 1388 570 1474 temporalis
602 1410 702 1473 prope
730 1388 853 1452 accedit
878 1388 919 1452 ad
945 1389 1101 1453 rationem
1123 1410 1196 1452 con-

110 1495 305 1562 dicionalem.
349 1496 550 1581 Quamquam
581 1496 680 1579 igitur
706 1496 739 1559 in
765 1495 814 1559 his
842 1495 994 1581 exemplis
1015 1497 1097 1561 ratio
1118 1506 1196 1560 tem·

110 1604 225 1688 poralis
246 1626 312 1669 non
333 1607 459 1688 integra
479 1614 528 1669 est
551 1614 583 1668 et
604 1626 699 1689 pura,
730 1614 837 1668 tamen
867 1603 1075 1669 indicativum
1101 1605 1195 1669 babe-

108 1733 188 1795 mus,
212 1714 287 1797 quia
307 1715 340 1777 in
362 1713 535 1777 enuntiatis
554 1710 822 1775 condicionalibus
843 1711 937 1775 simili
955 1713 1080 1776 ratione
1100 1733 1196 1798 quam
1304 1707 1306 1710 ’

110 1821 142 1883 in
165 1821 337 1885 enuntiatis
359 1842 379 1884 a
400 1820 556 1905 particula
585 1844 654 1885 cum
686 1818 911 1903 incipientibus
940 1841 1090 1905 mereque
1118 1830 1196 1883 tem-

108 1928 268 2011 poralibus
308 1931 390 1993 actio
430 1929 618 1994 secundaria
655 1929 775 1993 actioni
810 1928 979 2013 primariae
1012 1926 1197 1991 coordinata

107 2036 212 2120 potius
234 2046 283 2101 est
305 2057 400 2122 quam
422 2035 637 2101 subordinate.

189 2167 219 2231 b.
248 2191 377 2254 praes.
400 2207 441 2216 -
462 2169 583 2233 futur.
627 2167 817 2252 (Hoffmann
838 2191 868 2252 p.
890 2168 1037 2253 67-169.)
1085 2167 1196 2233 Inhis

108 2277 260 2361 exemplis
297 2279 496 2342 enuntiatum
527 2279 711 2363 primarium
742 2278 788 2340 ita
819 2287 1033 2362 comparatum
1064 2286 1130 2359 est,
1161 2286 1197 2340 ut

108 2383 149 2447 ad
175 2406 272 2447 unum
303 2385 451 2470 quodque
482 2394 608 2469 tempus
641 2393 773 2470 spectet.
826 2381 1068 2463 Quodammodo
1098 2385 1197 2466 igitur

108 2490 253 2555 absoluta
274 2500 322 2555 est
344 2493 427 2556 actio
450 2493 600 2577 primaria
620 2492 653 2555 in
675 2501 853 2576 temporum
871 2493 995 2556 ratione
1016 2491 1057 2555 ab
1072 2493 1197 2556 actione

107 2585 308 2682 secundaria3
338 2598 399 2663 hoc
431 2600 515 2664 enim
546 2621 584 2663 ea
605 2597 645 2662 de
666 2620 762 2662 causa
783 2597 888 2664 dicere
908 2622 1093 2684 possumus,
1122 2599 1197 2685 quia

108 2707 141 2768 in
164 2707 338 2770 enuntiatis
360 2729 380 2771 a
400 2707 557 2792 particula
571 2730 640 2769 cnm
654 2706 878 2791 incipientibus
894 2728 975 2791 quae
989 2706 1196 2771 indicativum

107 2814 262 2900 praebent
295 2817 379 2880 actio
407 2813 595 2878 secundaria
620 2813 704 2878 idem
725 2813 811 2876 valet
837 2813 922 2899 quod
942 2815 1026 2877 actio
1047 2815 1197 2899 primaria

106 2922 161 3005 ita,
182 2931 218 2986 ut
238 2923 423 3007 saepissime
444 2923 527 2986 inter
549 2943 583 2984 se
604 2921 721 2984 mutari
741 2922 872 3006 possint.

189 3077 216 3120 c.
248 3054 346 3141 perf.
367 3054 459 3118 hist.
482 3091 523 3100 —
544 3075 670 3138 praes.
692 3052 786 3116 hist.
809 3052 855 3138 (p.
877 3052 940 3136 70.)
978 3051 1017 3116 In
1038 3052 1098 3116 hoc
1118 3062 1196 3117 tem-

106 3183 221 3245 porum
242 3162 425 3227 discrimine
452 3183 490 3226 ea
511 3161 551 3225 de
572 3183 667 3224 causa
687 3159 911 3224 offendendum
938 3181 1004 3223 non
1034 3169 1091 3243 est,
1123 3161 1198 3245 quia

106 3291 208 3354 praes.
230 3269 303 3333 hist.
326 3267 411 3334 idem
432 3269 518 3332 valet
546 3290 584 3332 ac
604 3269 820 3354 praeteritum.
873 3267 946 3332 Non
969 3267 1119 3351 intellego
1142 3289 1197 3331 cur

106 3375 284 3440 Hoffmann
306 3374 346 3440 de
369 3375 435 3441 Cic.
459 3355 529 3441 ¹Cat.
552 3377 704 3458 m.4,11
732 3376 899 3439 Tarentum
932 3399 1003 3439 vero
1031 3399 1092 3459 qua
1117 3377 1195 3462 vipi-

106 3483 212 3547 lantia
241 3486 365 3569 recapit,
393 3508 460 3548 cam
560 3484 663 3568 inquit
685 3531 712 3547 ..
742 3493 807 3546 tam
835 3482 936 3546 multa
963 3481 1061 3545 verba
1090 3481 1196 3565 faciat,

105 3612 182 3654 nam
202 3593 316 3678 recepit
336 3613 394 3677 pro
416 3592 520 3676 logico
542 3591 685 3676 perfecto
707 3590 890 3655 habendum
912 3611 976 3653 non
999 3599 1056 3654 est.

189 3723 218 3787 d.
247 3722 346 3809 perf.
368 3724 462 3789 hist.
491 3761 534 3770 —-
561 3745 695 3809 praes.
717 3745 849 3808 praes.
892 3723 988 3786 Actio
1011 3722 1197 3787 secundaria

105 3831 158 3896 vel
178 3831 221 3895 ad
243 3854 338 3896 omne
359 3842 484 3917 tempus
505 3832 618 3897 referri
639 3840 755 3917 potest,
784 3831 836 3896 vel
864 3852 1014 3916 praesens
1037 3830 1196 3914 explican-

106 3937 183 4001 dum
205 3947 253 4003 est
275 3961 316 4003 ex
338 3940 503 4004 alacritate
523 3940 719 4022 elocutionis,
741 3940 797 4023 ita,
819 3947 855 4002 ut
876 3936 917 4001 ad
939 3948 1086 4002 naturam
1106 3959 1196 4022 prae-

104 4047 205 4109 sentis
233 4046 364 4110 accedat
395 4045 546 4112 historici.
589 4033 779 4110 Accuratius
809 4045 968 4131 explicare
998 4045 1083 4109 hunc
1104 4066 1196 4108 usum

105 4173 170 4216 non
192 4175 369 4239 possumus,
391 4157 466 4239 quia
487 4156 549 4219 tria
570 4164 694 4219 tantum
715 4153 868 4217 habemns
885 4153 1039 4237 exempla,
1062 4171 1195 4237 quorum

103 4259 167 4323 duo
189 4262 318 4346 quidem
339 4261 451 4346 (Verg.
474 4261 594 4345 Georg.
615 4261 633 4326 I
653 4261 723 4326 287.
766 4260 819 4324 III
840 4262 914 4344 457)
947 4263 992 4324 ita
1013 4255 1197 4345 comparata

981 4371 998 4415 4
