3162 5088
814 525 854 587 32

372 724 410 788 B.
441 724 524 789 actio
546 724 697 808 primaria
726 731 758 787 et
786 724 975 793 secundaria
1002 743 1065 788 non
1096 724 1207 790 eodem
1229 729 1382 812 temporis

437 832 565 896 vinculo
587 833 799 897 continentur.

436 941 471 1016 ul
500 961 602 1024 praes.
624 939 766 1025 -peri
809 939 890 1023 Agr.
915 941 962 1004 10.
1005 939 1198 1006 lisciva.

316 1041 319 1048 ⁴
435 1045 469 1130 β)
500 1069 602 1132 praes.
624 1085 665 1092 -
685 1048 760 1131 imp.
805 1045 915 1112 Germ.
939 1047 989 1110 28.
1034 1070 1108 1112 ann.
1130 1047 1182 1112 XI
1204 1049 1251 1112 11.

435 1155 468 1238 γ)
499 1177 601 1240 praes.
623 1193 665 1202 —
685 1155 782 1218 futur.
826 1154 898 1218 hist.
920 1153 969 1218 IV
991 1155 1047 1218 64.-

438 1262 471 1345 δ)
499 1262 579 1348 perf.
622 1301 658 1310 —
680 1285 783 1348 praes.
826 1262 900 1326 hist.
923 1262 984 1327 'III
1019 1263 1068 1327 58.
1117 1262 1166 1326 IV
1193 1265 1242 1329 73.
1293 1263 1383 1329 Vb.

501 1393 573 1434 ann.
595 1370 631 1435 Il
650 1371 701 1434 42.
731 1370 780 1436 IV
802 1370 851 1433 24.
887 1369 939 1435 XI
960 1372 1010 1436 25.
1043 1370 1113 1435 XII
1137 1373 1184 1435 17.
1215 1371 1281 1435 XV
1302 1373 1331 1436 3.
1354 1373 1382 1435 7.

439 1478 468 1562 ε)
501 1479 576 1564 imp.
618 1515 659 1525 —
679 1501 781 1563 praes.
825 1496 901 1542 ann.
920 1477 956 1543 H
977 1478 1026 1542 56.
1049 1480 1098 1545 39.

437 1588 468 1671 ς)
497 1587 600 1673 plusq.
618 1622 660 1633 -
681 1609 783 1672 praes.
828 1587 901 1652 hist.
925 1587 942 1651 Ι
965 1587 1012 1652 72.

289 1721 380 1785 Haec
406 1721 512 1783 omnia
544 1721 690 1805 exempla
727 1731 801 1784 sunt
834 1722 966 1785 rationis
1002 1731 1180 1805 temporum
1215 1720 1381 1784 absolutae

289 1832 373 1894 inter
393 1831 550 1893 actionem
572 1830 754 1914 primariam
777 1838 809 1892 et
830 1828 1065 1911 secundariam3
1099 1829 1277 1913 praesentis
1306 1850 1381 1892 usus

289 1940 323 2002 in
345 1939 485 2002 euntiato
508 1938 694 2002 secundario
716 1938 902 2023 saepissime
924 1937 1131 2023 explicandus
1154 1947 1203 2002 est
1222 1959 1262 2000 ex
1276 1935 1382 2000 Taciti

289 2045 393 2111 studio
415 2069 467 2110 res
489 2067 570 2130 quae
591 2055 666 2109 sunt
684 2046 850 2131 praeteriti
871 2046 1023 2129 temporis
1045 2045 1087 2108 ad
1109 2067 1220 2108 causas
1236 2044 1381 2108 omnibus

289 2154 484 2240 temporibus
507 2175 691 2218 communes
714 2151 895 2217 revocandi.

370 2261 409 2325 In
430 2263 602 2326 enuntiatis
625 2261 811 2342 causalibus,
844 2283 926 2346 quae
958 2261 1194 2325 coniunctivum
1225 2260 1381 2345 praebent

288 2369 442 2434 habemus
463 2369 530 2434 iere
551 2390 677 2453 semper
698 2371 935 2433 coniunctivum
951 2369 1131 2453 imperfecti
1152 2378 1183 2432 et
1199 2368 1380 2453 plusquam-

290 2477 433 2563 perfecti‚
454 2476 717 2541 antecedentibus
738 2478 771 2538 in
794 2486 902 2540 enunt.
924 2478 1075 2562 primario
1097 2477 1281 2561 praeterito,
1303 2475 1334 2539 h.
1354 2497 1379 2538 e.

288 2586 446 2649 rationem
467 2584 643 2648 relativam.
685 2585 810 2648 ratione
831 2594 1010 2669 temporum
1032 2583 1180 2647 absoluta
1201 2582 1381 2668 explicandi

290 2703 364 2757 sunt
384 2692 466 2756 loci:
499 2691 572 2755 hist.
593 2692 611 2755 I
634 2691 672 2756 lb
693 2693 727 2756 ia
751 2690 840 2756 domo
862 2715 1064 2757 successorem
1086 2691 1249 2776 quaesiuit,
1272 2691 1380 2777 epeia

290 2800 470 2884 republica,
502 2823 563 2863 aon
598 2801 675 2884 quia
706 2824 768 2863 noa
800 2800 938 2863 babeam.
991 2798 1100 2865 Germ.
1123 2799 1164 2862 36
1191 2798 1274 2882 fuit,
1305 2797 1380 2882 quia

290 2907 442 2992 quiescas.

373 3012 588 3077 Indicativum
609 3023 641 3077 ct
663 3015 899 3077 coniunctivum
919 3012 1074 3078 habemus
1099 3011 1379 3095 ann.V118(24).

373 3122 426 3186 De
446 3121 612 3185 modorum
634 3144 693 3185 usu
719 3123 753 3185 in
785 3123 956 3186 enuntiatis
985 3122 1163 3186 causalibus
1197 3122 1260 3185 iam
1281 3121 1380 3185 Reuss

290 3232 356 3315 egit
383 3231 579 3316 protulitque
609 3231 643 3293 in
675 3230 897 3294 dissertatione
926 3251 956 3314 p.
978 3229 1019 3294 29
1047 3229 1208 3313 tabulam,
1237 3251 1300 3314 qua
1327 3228 1379 3292 de·

291 3349 482 3403 monstraret
500 3339 648 3403 Tacitum
663 3341 696 3402 in
711 3338 940 3423 posterioribus
962 3337 1124 3402 annalium
1144 3336 1232 3400 libris
1254 3338 1380 3421 saepius

291 3447 527 3511 coniunctivum
547 3446 730 3511 adhibuisse
751 3447 784 3508 in
805 3447 979 3511 enuntiatis
1001 3469 1021 3510 a
1042 3445 1198 3529 particula
1223 3444 1308 3529 quod
1333 3445 1379 3506 in·

290 3553 490 3640 cipientibus,
512 3575 608 3638 quam
622 3555 655 3617 in
673 3553 761 3617 libris
779 3554 941 3617 annalium
959 3553 1117 3638 prioribus
1133 3563 1165 3618 et
1181 3554 1215 3616 in
1231 3551 1378 3616 historiis.

289 3661 363 3727 Hoc
383 3672 489 3725 tamen
510 3662 636 3726 Reussii
657 3661 767 3726 tabula
788 3661 917 3746 probari
939 3662 1058 3746 nequit,
1090 3664 1165 3748 quia
1197 3663 1294 3726 etiam
1325 3683 1379 3726 eos

289 3771 376 3835 locos
398 3769 585 3850 numeravit,
608 3769 662 3853 qui
684 3769 836 3834 orationis
858 3768 1007 3854 obliquae
1028 3779 1102 3833 sunt
1124 3780 1156 3835 et
1173 3792 1211 3834 ea
1229 3769 1269 3834 de
1285 3791 1381 3833 causa

290 3880 353 3942 iam
375 3877 611 3941 coniunctivum
632 3875 787 3961 praebere
807 3873 935 3941 debent.

303 4001 307 4009 ’
372 3985 413 4048 In
434 3985 606 4050 enuntiatis
636 3984 846 4049 adversativis
874 4007 946 4049 cum
975 3987 1176 4051 coniunctivo
1207 3986 1379 4071 praevalet,

290 4094 370 4157 sicut
409 4094 443 4156 in
479 4093 652 4156 enuntiatis
684 4091 882 4176 causalibus,
912 4093 994 4157 ratio
1026 4103 1206 4178 temporum
1235 4093 1378 4158 relativa.

290 4201 447 4265 rationem
469 4199 648 4264 absolutam
669 4199 822 4264 habemus
844 4224 851 4265 :
