3162 5088
736 542 775 606 21

356 742 391 825 2)
420 743 453 805 in
476 744 639 809 enuntiato
661 743 810 829 primario
833 741 994 807 antecedit
1014 762 1173 827 praesens.

421 848 530 915 Germ.
565 851 696 936 aaut.
753 851 825 916 hist.
861 849 878 914 Ι
909 852 939 936 4,
971 851 1000 914 4.
1042 851 1092 934 42,
1123 851 1152 914 2.
1195 851 1245 934 69,
1267 851 1295 914 2.

420 956 456 1022 II
475 958 590 1042 39,13.
620 959 669 1044 73,
684 960 713 1023 2.
745 960 876 1043 100,18.
912 957 964 1023 ΙΠ
987 959 1099 1041 71,17.
1139 957 1188 1022 IV
1204 959 1251 1042 12,
1267 959 1296 1023 5.

419 1049 1296 1151 maamnnmwnumna

420 1174 486 1239 XV
505 1176 554 1259 54,
577 1175 597 1238 2
625 1175 672 1258 (in
693 1175 754 1239 hoc
776 1176 921 1261 exemplo
943 1175 1097 1239 habemus
1119 1175 1296 1259 perfectum

420 1294 452 1347 et
472 1305 622 1368 praesens
645 1285 678 1346 in
701 1293 807 1348 enunt.
831 1283 947 1368 prim).

356 1392 390 1475 3)
421 1393 454 1454 in
476 1400 582 1455 enunt.
605 1392 696 1475 prim.
720 1401 769 1455 est
789 1390 940 1454 futurum.

417 1499 491 1563 hist.
512 1498 562 1563 IV
583 1499 633 1582 67,
655 1495 684 1563 9’.
727 1520 801 1562 ann.
823 1498 841 1562 I
862 1499 911 1580 58,
934 1497 983 1562 25.

355 1608 390 1691 4)
419 1608 481 1672 alia
503 1607 658 1692 exempla,
692 1629 773 1693 quae
796 1608 1032 1671 coniunctivum
1053 1606 1184 1691 perfecti
1206 1627 1295 1691 prae·

418 1714 504 1798 bent,
537 1735 672 1800 quorum
702 1723 809 1778 tamen
834 1715 917 1778 ectio
946 1711 1133 1777 secundaria
1161 1735 1226 1777 non
1255 1714 1295 1778 ab

291 1889 294 1896 ,
417 1824 487 1908 ipsa
507 1823 633 1887 actione
653 1823 805 1907 primaria
824 1821 953 1906 pendet,
975 1821 1053 1885 haec
1074 1830 1167 1885 sunt:

418 1927 1294 2012 mummmunmmamnn

209 2062 238 2126 b.
267 2062 373 2149 apud
397 2062 625 2128 Caesarem.

357 2170 386 2234 b.
409 2193 440 2254 g.
462 2170 512 2236 VI
533 2172 581 2235 31.
626 2169 793 2235 Ambiorirc
822 2169 980 2236 iudicione
1008 2196 1071 2236 non
1100 2170 1295 2254 conduxerit,

417 2304 459 2345 aa
481 2279 627 2345 occlusus
649 2277 777 2344 dubium
798 2291 850 2342 est.

207 2436 233 2477 c.
267 2412 373 2498 apud
394 2413 649 2480 Sallustium.

288 2521 323 2604 a)
357 2522 389 2584 in
411 2521 662 2604 interrogatione
683 2503 847 2584 indirecte.

355 2627 426 2693 Cat.
447 2629 477 2712 5,
499 2628 527 2692 9.
572 2628 601 2712 6,
623 2628 652 2691 2.
696 2628 724 2711 7,
745 2628 775 2692 3.
816 2628 866 2711 51,
887 2629 917 2691 4.
948 2627 998 2692 58.
1020 2628 1065 2691 5.-
1100 2627 1170 2711 lug.
1196 2628 1243 2709 17,
1266 2629 1294 2692 7.

352 2735 711 2820 munaus
988 2721 990 2724 ’

287 2846 322 2928 β)
355 2845 388 2908 in
409 2853 517 2908 enunt.
540 2845 761 2908 consecutivis.

354 2974 398 3017 or.
420 2951 535 3038 Lepidi
556 2956 576 3033 ξ
599 2952 646 3016 19.

205 3086 236 3150 d.
264 3085 368 3170 apud
389 3085 601 3150 Velleium.

285 3193 321 3276 α)
353 3194 388 3256 111
409 3202 517 3257 enunt.
540 3193 759 3257 consecutivis.
802 3191 908 3277 1127,
930 3195 959 3258 5.
999 3194 1066 3278 120,
1088 3195 1116 3259 3.

284 3299 320 3382 β)
352 3300 386 3363 in
406 3301 657 3384 interrogatione
678 3299 842 3364 indirecta.
919 3333 920 3338 .

354 3408 385 3492 1)
414 3406 478 3471 ind.
518 3408 694 3491 praesentis
729 3406 883 3472 habemus
917 3409 951 3472 in
983 3419 1090 3473 enunt.
1124 3410 1292 3493 primario:

415 3514 521 3599 1121,
542 3515 572 3578 2.
614 3515 716 3599 27,5.
753 3516 854 3599 41,1.
896 3516 996 3600 89,1.
1033 3517 1083 3600 97,
1104 3518 1133 3581 2.
1173 3518 1291 3599 115,1.

416 3623 536 3706 122,1.
572 3620 690 3706 124,1.

350 3731 385 3813 2)
415 3731 571 3794 coniunct.
593 3752 696 3814 praes.
741 3729 776 3795 H
796 3731 845 3814 85,
867 3732 896 3796 6.
927 3731 1027 3815 86,1.
1060 3731 1110 3814 99,
1131 3732 1161 3796 3.

350 3838 385 3922 3)
414 3837 571 3902 futurum:
593 3836 629 3901 H
649 3837 699 3921 48,
720 3837 750 3901 4.

284 3945 431 4010 Vidimus
454 3945 691 4008 coniunctivum
720 3945 853 4030 perfecti
880 3946 988 4010 multis
1009 3947 1087 4012 locis
1108 3968 1165 4030 pro
1187 3947 1291 4030 logico

203 4053 305 4137 accipi
325 4074 391 4116 non
412 4074 514 4138 posse,
536 4063 572 4118 ut
594 4075 634 4118 ex
648 4055 928 4138 grammaticorum
948 4055 1066 4137 regulis
1089 4053 1292 4118 statuendum

204 4170 281 4224 erat.
325 4159 443 4226 Omnia
463 4170 570 4225 autem
590 4161 645 4224 illa
674 4162 820 4245 exempla
847 4160 997 4226 facillime
1026 4164 1234 4247 explicantur,
1264 4166 1290 4228 si

207 4268 334 4352 singula
354 4278 532 4354 temporum
553 4291 673 4353 genera
693 4291 758 4336 non
779 4271 825 4334 ita
838 4272 1029 4335 secernimus
1043 4281 1079 4336 ut
1093 4273 1292 4357 grammatici
