3162 5088
705 505 723 570 7

248 705 343 772 Certe
364 706 421 770 tali
442 705 671 771 adiectivorum
697 728 755 770 usu
782 705 932 771 liberiore
963 705 1141 770 sententiae
1163 705 1251 787 cogi·

166 816 366 901 tationesque
387 835 468 899 quac
491 814 662 878 enuntiatis
694 812 888 877 secundariis
918 813 1052 898 exprimi
1080 821 1253 895 potuerunt

166 922 385 1008 exprimuntur
420 945 439 987 a
474 922 681 1006 scriptoribus
724 921 863 985 breviter
914 921 1064 1006 loquendi
1116 918 1254 1004 quadam

164 1031 296 1095 ratione.
349 1030 487 1109 Quinam
519 1039 626 1094 autem
653 1029 746 1094 huius
776 1051 851 1093 usus
881 1028 961 1093 fines
990 1030 1069 1112 sint,
1098 1049 1254 1114 quaenam

166 1138 230 1201 sint
250 1138 390 1203 rationes
412 1136 585 1201 diiudicare
599 1158 664 1200 non
678 1158 856 1221 possumus,
878 1138 939 1200 nisi
960 1137 1048 1221 prius
1070 1135 1155 1220 apud
1176 1135 1254 1200 alios

166 1267 291 1332 quoque
313 1246 484 1329 scriptores
505 1244 735 1309 adiectivorum
750 1266 841 1308 usum
857 1245 1152 1310 examinaverimus.
1181 1242 1254 1307 Hoc

165 1365 271 1419 tamen
293 1362 433 1418 statuere
447 1374 614 1437 possumus
630 1352 715 1437 apud
734 1351 904 1417 Caesarem
917 1352 1038 1416 nullum
1060 1351 1127 1416 fere
1149 1351 1253 1415 locum

65 1513 70 1528 .
166 1463 309 1541 inveniri,
342 1483 436 1547 quem
457 1461 499 1526 ad
520 1461 740 1526 illustrandam
763 1461 846 1525 hanc
867 1460 972 1524 'faciti
994 1459 1254 1524 consuetudinem

166 1571 321 1655 possimus
343 1569 479 1644 adferre,
511 1568 595 1654 apud
624 1561 814 1634 Sallustium
833 1589 909 1632 vero
930 1589 1032 1652 pauca
1052 1576 1178 1630 tantum
1199 1589 1252 1630 ex·

164 1688 250 1742 stare
272 1678 426 1762 exempla.

248 1784 342 1864 Quod
354 1785 438 1870 apud
453 1795 564 1870 poetas
575 1785 675 1849 multa
690 1784 782 1848 huius
796 1806 872 1848 usus
888 1785 1035 1868 exempla
1049 1785 1254 1846 inveniuntur

151 1881 224 1957 'hcc
247 1915 312 1957 non
334 1893 412 1958 nihil
433 1892 474 1958 ad
496 1891 695 1978 probandam
718 1914 821 1956 meam
835 1893 1027 1956 sententiam
1040 1891 1135 1973 valet,
1152 1900 1254 1954 totam

163 2023 231 2064 rem
253 2001 472 2086 explicandam
495 2023 566 2066 esse
591 2023 632 2065 ex
653 1999 757 2064 studio
790 2000 967 2082 brevitatis,
998 2021 1072 2063 nam
1095 1998 1254 2063 etiamad

165 2110 340 2173 carminum
373 2111 583 2175 elocutionem
611 2108 762 2172 artificosi
792 2110 1030 2173 enuntiatorum
1064 2106 1157 2170 orbes
1189 2128 1254 2169 non

164 2216 332 2305 quadrant.

246 2358 320 2423 VH.
349 2360 542 2446 Saepissime
567 2367 732 2444 praeterea
754 2359 975 2443 exprimuntur
996 2380 1015 2421 a
1037 2351 1253 2442 scriptoribus,

163 2467 365 2551 maximeque
399 2489 418 2530 a
454 2465 567 2530 Tacito
606 2467 782 2530 sententiae
821 2465 1103 2550 cogitationesque,
1140 2463 1254 2549 quibus

164 2574 329 2638 enuntiata
350 2573 538 2638 secundaria
560 2572 710 2656 compleri
731 2582 904 2657 potuerunt
926 2571 1051 2635 casibus
1081 2570 1253 2634 substanti·

163 2703 276 2746 vorum
312 2691 368 2745 atrt
398 2681 606 2745 substantivis
648 2702 720 2743 cum
757 2679 1044 2764 praepositionibus
1077 2679 1254 2742 coniunctis

164 2789 204 2853 of.
227 2789 298 2854 dial.
323 2790 339 2852 1
369 2791 491 2852 iuvenis
507 2815 558 2843 ¹=
588 2809 659 2851 cum
688 2789 811 2852 iuvenis
840 2809 959 2870 essem3
990 2787 1007 2848 7
1039 2787 1126 2850 homo
1157 2809 1255 2850 accus

164 2927 200 2952 =
226 2918 420 2984 quamquam
439 2897 470 2960 h.
493 2919 523 2960 n.
547 2917 649 2978 eram3
678 2895 718 2959 32
746 2919 835 2980 quae,
862 2895 937 2958 olim
966 2895 1083 2959 artium
1116 2893 1255 2972 dominc,

162 3006 312 3100 implebat
341 3033 380 3058 =
409 3026 479 3068 cum
513 3041 555 3050 —
583 3014 675 3067 esset.
730 3002 804 3067 Huc
830 3002 1017 3068 referendus
1049 3012 1098 3068 est
1127 3002 1256 3066 liberior
1287 2996 1288 3000 ’

164 3135 240 3178 usus
262 3113 323 3178 abl.
347 3134 463 3177 causae
484 3122 515 3177 et
536 3111 598 3176 abl.
620 3111 716 3195 modi,
750 3111 806 3176 sed
828 3112 862 3174 in
883 3111 943 3175 hac
966 3132 1149 3197 quoquere
1178 3109 1255 3197 quid

164 3220 277 3286 Tacito
299 3223 341 3285 sit
362 3221 526 3306 proprium
548 3219 713 3284 diiudicari
736 3219 856 3305 nequit,
879 3220 941 3284 nisi
967 3221 1054 3304 prius
1072 3219 1256 3283 examinata

165 3331 225 3395 erit
244 3330 378 3394 aliorum
400 3351 526 3416 quoque
548 3331 737 3414 scriptorum
759 3327 964 3392 consuetudo.

610 3560 803 3568 -———--—--·

247 3729 338 3792 Haec
360 3728 400 3793 de
422 3728 537 3813 quibus
559 3749 655 3812 supra
677 3727 744 3792 dixi
765 3726 1037 3812 breviloquentiae
1052 3725 1192 3789 rationes
1209 3723 1255 3787 in·

171 3838 342 3902 veniuntur
372 3837 555 3920 saepissime
581 3821 769 3899 coniunctae
797 3844 829 3899 et
857 3836 940 3898 inter
960 3855 995 3898 se
1016 3843 1138 3898 etcum
1160 3853 1257 3895 enun-

165 3943 251 4009 tiatis
281 3943 485 4008 secundariis.
535 3942 575 4007 In
608 3943 777 4027 dialogo
809 3943 843 4006 in
874 3962 936 4027 quo
968 3941 1100 4026 Tacitus
1130 3939 1256 4004 Cicero·

164 4073 240 4116 nem
253 4061 379 4116 secutus
392 4053 488 4116 etiam
502 4051 606 4135 magis
622 4051 830 4115 concinnitati
844 4049 961 4131 studet,
974 4071 1069 4135 quam
1084 4046 1256 4112 variandae

166 4159 337 4224 elocutioni
358 4160 442 4224 hunc
464 4181 556 4224 usum
576 4159 718 4223 nondum
738 4159 927 4224 invenimus.
