3162 5088
773 498 812 568 12

696 592 892 599 ——-—-.—--

249 721 318 767 eam
340 704 464 788 copiam
485 703 582 768 habet
604 704 872 788 coniunctionum,
896 704 1011 790 quibus
1033 705 1097 770 leni
1118 705 1340 771 coniunctione

248 811 400 875 orationis
435 811 580 875 membra
609 811 797 896 copulantur
835 813 884 896 (ut
915 836 964 877 ex.
997 835 1044 898 gr.
1081 813 1165 899 apud
1195 813 1339 880 Graecos

246 918 308 1003 μὲν
328 957 370 964 -
389 918 439 1002 δὲ)
462 918 518 983 sed
539 920 688 1005 propriae
709 929 741 984 et
762 921 901 1005 innatae,
930 930 966 985 ut
994 922 1040 985 ita
1060 920 1175 1004 dicam,
1199 923 1339 1006 singula-

248 1048 318 1091 rum
351 1027 576 1112 particularum
606 1029 752 1092 notiones
784 1029 879 1091 nimis
908 1029 1110 1113 praevalent,
1149 1039 1184 1094 ut
1213 1030 1343 1095 liberior

248 1156 323 1198 usus
353 1133 438 1220 apud
466 1135 636 1220 scriptores
666 1136 805 1220 optimae
833 1137 948 1200 aetatis
979 1138 1021 1200 sit
1052 1138 1162 1201 rarior.
1206 1136 1279 1216 Qua
1301 1137 1341 1202 de

120 1281 121 1286 κ
249 1264 345 1306 eausa
365 1241 485 1307 factum
508 1253 564 1324 est,
586 1253 623 1307 ut
644 1253 699 1307 aut
720 1242 893 1307 habeamus
916 1244 1116 1329 frequentem
1138 1267 1230 1309 usum
1245 1268 1340 1330 asyn-

248 1349 323 1434 deti,
356 1361 411 1415 aut
441 1353 581 1416 rationes
614 1352 768 1415 transitus
802 1350 940 1415 faciendi
981 1352 1085 1415 minus
1124 1354 1187 1416 sint
1223 1354 1339 1416 variae.

248 1458 332 1523 Illud
353 1459 489 1524 alterum
511 1459 595 1545 apud
615 1459 801 1526 Sallustium
817 1460 956 1524 maxime
977 1459 1148 1524 observare
1163 1481 1339 1546 possumus.

250 1588 402 1651 magnum
424 1569 508 1632 enim
531 1568 769 1632 enuntiatorum
800 1589 968 1631 numerum
990 1568 1156 1651 coniungit
1183 1571 1340 1653 particula

247 1673 303 1737 sed
324 1675 364 1740 of.
381 1674 451 1739 Cat.
471 1678 497 1759 1,
519 1676 548 1740 2.
572 1676 601 1740 5.
623 1675 653 1758 2,
677 1675 705 1740 8.
727 1677 756 1758 3,
777 1675 807 1739 3.
830 1675 861 1758 6,
882 1675 911 1739 3.
935 1677 964 1758 7,
987 1676 1015 1739 1.
1038 1675 1066 1739 6.
1090 1675 1118 1758 8,
1143 1677 1169 1739 1.
1192 1676 1221 1739 3.
1246 1677 1293 1760 10,
1314 1678 1338 1740 1.

250 1783 297 1866 11,
321 1786 347 1847 1.
369 1784 399 1847 4.
433 1783 583 1866 13,3.4.
619 1784 666 1866 14,
688 1784 717 1847 5.
741 1785 768 1846 7.
812 1784 910 1866 16,1.
952 1783 999 1865 17,
1021 1784 1050 1847 6.
1097 1784 1194 1867 18,1.
1238 1785 1287 1867 19,
1309 1785 1337 1848 3.

246 1890 296 1974 20,
318 1891 347 1955 3.
369 1892 398 1955 5.
431 1892 480 1975 23,
508 1894 532 1955 1.
554 1892 583 1954 4.
607 1892 635 1955 6.
659 1890 709 1975 25,
735 1892 760 1955 1.
783 1891 812 1954 3.
840 1891 941 1975 26,1.
972 1891 1021 1974 30,
1044 1892 1072 1956 5.
1107 1891 1157 1975 31,
1182 1893 1208 1955 7.
1236 1892 1287 1970 32,
1308 1892 1338 1956 2.

247 1998 348 2082 36,1.
377 1999 427 2082 41,
453 2001 478 2062 1.
507 1998 557 2082 44,
582 1999 608 2062 1.
639 1998 690 2082 48,
712 2001 741 2063 5.
772 1999 926 2083 49,1.4.
956 1999 1006 2083 50,
1028 2000 1057 2062 4.
1080 1999 1109 2063 5.
1144 2000 1338 2083 51,,10.21.

248 2105 297 2169 33.
313 2106 362 2170 35.
377 2106 427 2170 39.
442 2106 491 2171 40.
514 2106 564 2190 52,
586 2107 616 2170 5.
638 2106 667 2171 9.
688 2107 737 2170 21.
760 2106 811 2169 24.
833 2106 882 2171 28.
905 2107 955 2190 53,
972 2106 1001 2170 2.
1023 2107 1073 2190 56,
1095 2107 1124 2170 3.
1143 2107 1172 2170 4.
1194 2108 1245 2191 57,
1269 2109 1338 2172 15.

249 2213 300 2297 58,
315 2214 344 2277 3.
366 2213 416 2298 60,
441 2215 467 2278 1.
496 2214 597 2298 61,1.

334 2322 406 2405 lug.
430 2322 458 2406 1,
481 2322 510 2386 3.
532 2323 561 2406 5,
583 2321 613 2385 3.
636 2323 664 2404 7,
685 2322 715 2386 3.
738 2321 767 2402 8,
788 2321 817 2384 2.
840 2321 869 2402 9,
891 2322 920 2385 4.
945 2321 992 2405 11,
1013 2321 1043 2385 2.
1068 2323 1115 2400 12,
1136 2322 1166 2386 3.
1191 2321 1238 2405 13,
1259 2321 1289 2384 4.
1312 2322 1340 2385 7.

253 2430 300 2513 14,
323 2430 352 2494 4.
388 2430 434 2512 17,
458 2430 487 2493 2.
511 2430 538 2492 7.
571 2429 618 2512 18,
640 2429 669 2492 3.
694 2429 742 2492 11.
769 2429 821 2512 21,
842 2428 872 2492 2.
894 2428 923 2491 4.
956 2429 1006 2512 24,
1031 2429 1078 2492 10.
1109 2429 1158 2512 25,
1179 2430 1208 2493 2.
1239 2429 1289 2510 27,
1311 2428 1340 2492 3.

246 2537 297 2622 28,
320 2538 348 2602 6.
385 2537 435 2621 29,
457 2538 486 2601 3.
509 2538 538 2601 6.
575 2538 625 2622 30,
646 2536 675 2600 4.
709 2535 861 2619 31,4.8.
886 2536 934 2600 15.
970 2536 1019 2618 36,
1042 2536 1070 2599 3.
1103 2536 1153 2620 38,
1176 2537 1204 2600 6.
1239 2536 1340 2618 39,1.

246 2645 296 2730 40,
319 2647 348 2711 3.
370 2646 398 2710 5.
434 2646 484 2729 41,
500 2637 535 2710 ’3.
571 2646 622 2728 42,
643 2646 671 2710 3.
695 2647 723 2710 4.
759 2645 810 2727 44,
834 2646 861 2708 1.
884 2644 913 2708 5.
956 2644 1058 2727 45,1.
1101 2645 1203 2723 50,1.
1239 2645 1289 2726 51,
1310 2645 1340 2708 5.

248 2741 1340 2838 ὧ5ἢ6ω3ὣ3ῶ3η1ῌ7ᾌ2ἥ1

249 2861 298 2944 77,
324 2864 349 2926 1.
373 2862 423 2945 79,
444 2863 472 2926 1.
495 2862 523 2926 8.
546 2862 596 2946 84,
618 2862 647 2925 4.
670 2862 720 2945 85,
742 2861 771 2924 2.
793 2861 843 2925 26.
865 2859 915 2924 28.
938 2861 987 2943 87,
1013 2860 1038 2923 1.
1061 2858 1111 2942 88,
1132 2859 1162 2924 2.
1185 2859 1235 2942 89,
1260 2860 1287 2923 1.
1311 2863 1340 2923 3.

246 2969 296 3052 91,
317 2968 347 3032 4.
383 2969 433 3054 92,
455 2971 484 3032 3.
508 2970 535 3032 7.
571 2968 622 3048 94,
646 2969 672 3032 1.
694 2969 724 3032 4.
762 2967 813 3051 95,
835 2968 865 3032 3.
907 2966 957 3046 98,
980 2967 1008 3031 7.
1053 2967 1121 3045 101,
1143 2967 1173 3030 2.
1219 2967 1288 3050 102,
1311 2968 1340 3049 9,

250 3077 317 3160 105,
339 3076 368 3141 3.
407 3076 475 3158 108,
497 3076 526 3139 3.
567 3076 636 3159 109,
659 3075 688 3139 4.
734 3075 803 3160 113,
827 3075 854 3138 1.
877 3075 906 3139 3.
955 3075 1023 3158 114,
1046 3076 1074 3138 3.
1111 3074 1244 3140 totidem
1273 3075 1341 3139 fere

247 3184 401 3248 habemus
423 3185 538 3270 itaque,
561 3184 668 3271 ipitar,
692 3185 748 3247 ita.
780 3182 914 3247 totidem
936 3197 1037 3268 atque,
1059 3183 1117 3262 vel,
1140 3196 1181 3246 at.
1225 3183 1277 3247 Ex
1291 3182 1341 3247 his

247 3294 326 3357 satis
361 3293 504 3376 intellegi
535 3301 643 3377 potest
675 3291 886 3355 elocutionem
916 3289 1144 3357 Sallustianam
1175 3292 1340 3356 varietatis

247 3401 341 3466 laude
363 3423 479 3484 carere,
502 3420 696 3486 quamquam
717 3398 778 3462 hoo
799 3421 926 3485 quoque
957 3399 1194 3464 concedendum
1216 3409 1274 3484 est,
1307 3401 1341 3463 in

247 3508 476 3594 posterioribus
506 3506 581 3572 belli
602 3506 786 3590 Iugurthini
818 3506 963 3592 partibus
993 3508 1221 3592 particularum
1249 3529 1341 3572 usum

247 3617 316 3681 fieri
337 3617 440 3701 magis
460 3617 594 3699 varium,
617 3636 712 3701 saepe
734 3617 818 3679 enim
839 3617 1018 3680 invenimus
1045 3630 1185 3694 ceteram,
1204 3615 1340 3692 interim,

247 3725 366 3790 interea
388 3726 456 3788 sim.

330 3831 427 3917 Apud
449 3831 598 3897 Tacitum
619 3831 777 3902 habemus,
795 3832 934 3896 maxime
961 3832 994 3893 in
1019 3831 1058 3894 iis
1080 3830 1224 3916 partibus
1245 3831 1340 3896 libro-

247 3963 318 4004 rum
345 3939 460 4025 quibus
496 3962 547 4003 res
576 3939 800 4004 deseribuntur
830 3938 1031 4022 frequentem
1059 3937 1206 4022 asyndeti
1238 3960 1339 4022 usum,

248 4048 288 4113 of.
312 4046 521 4113 Germaniam
542 4057 574 4112 et
595 4047 669 4111 hist.
691 4046 709 4110 I
733 4046 833 4110 1-12
854 4047 887 4109 in
909 4046 1046 4110 transitu
1068 4045 1215 4110 faciendo
1237 4047 1340 4110 nullas

248 4155 402 4221 habemus
430 4157 612 4242 particulas,
641 4176 776 4240 quarum
804 4177 880 4218 usus
913 4155 960 4217 sio
988 4154 1161 4239 praevalet,
1192 4165 1227 4218 ut
1255 4154 1339 4238 apud

248 4263 434 4331 Sallustium
461 4262 636 4349 particulae
664 4261 735 4342 sad,
765 4262 873 4349 ipitar,
903 4260 1060 4346 quaedam
1081 4271 1188 4326 tamen
1209 4261 1340 4327 locutio·
