3162 5088
817 510 911 576 26.

377 709 491 794 Capite
514 710 715 774 antecedenti
739 732 777 775 ea
798 719 924 775 tantum
944 711 1063 796 protuli
1084 712 1232 797 exempla
1253 735 1387 798 quorum

291 816 468 901 perfectum
489 839 554 882 non
575 819 679 903 potuit
707 839 772 882 non
794 839 851 902 pro
873 818 1034 903 historice,
1065 821 1167 905 accipi
1195 842 1281 886 nunc
1309 843 1387 907 quo-

291 928 378 990 niam
400 924 668 990 demonstravisse
695 947 747 990 me
777 935 854 1010 puto
878 947 971 990 omne
992 927 1172 1012 perfectum
1193 937 1309 992 natura
1329 950 1388 993 sua

292 1055 362 1098 esse
382 1033 568 1098 historicum
588 1033 711 1118 reliqua
733 1034 879 1119 exempla
901 1033 1062 1119 proferam
1083 1056 1214 1101 necesse
1236 1047 1285 1101 est
1305 1058 1387 1121 quae

292 1163 388 1226 supra
419 1143 529 1206 omisi:
560 1141 641 1226 Agr.
669 1142 719 1225 31,
748 1141 798 1205 21.
846 1141 956 1207 Germ.
987 1143 1017 1226 5,
1048 1143 1075 1206 7.
1128 1143 1201 1209 hist.
1229 1143 1247 1208 I
1277 1144 1327 1229 37,
1358 1146 1385 1209 1.

291 1248 341 1312 IV
362 1249 475 1331 73,13.
509 1272 583 1314 ann.
605 1249 705 1334 1171,
720 1250 749 1314 9.
777 1249 897 1336 11112,
921 1252 1050 1317 13-15.
1079 1251 1128 1316 IV
1146 1253 1196 1338 37,
1216 1253 1245 1318 9.
1267 1253 1317 1337 40,
1335 1253 1384 1318 32.

525 1445 583 1511 lV.
617 1446 664 1512 de
692 1448 917 1533 praesenti
945 1447 1157 1512 historice

371 1578 411 1642 In
433 1578 600 1642 tractanda
628 1588 810 1663 temporum
841 1581 1064 1644 consecutione
1088 1582 1325 1646 enuntiatorum
1346 1605 1385 1647 ex

291 1688 453 1771 praesenti
479 1685 631 1750 historico
664 1679 872 1772 pendentium
901 1696 977 1752 ante
1007 1689 1113 1753 omnia
1143 1689 1316 1754 tenendum
1337 1700 1386 1754 est

291 1786 392 1858 totam
425 1792 508 1857 hanc
539 1815 607 1880 rem
639 1816 704 1858 non
735 1795 777 1859 ad
809 1796 1035 1880 grammaticas
1072 1805 1104 1860 et
1137 1797 1258 1881 logicas
1295 1819 1385 1862 revo-

292 1903 357 1964 cari
378 1922 473 1985 posse
493 1901 633 1985 regulas,
664 1901 720 1966 sed
741 1901 909 1967 rhetoricis
930 1912 966 1967 ut
986 1905 1032 1968 ita
1059 1903 1163 1968 dicam
1193 1914 1225 1969 et
1252 1905 1384 1990 psycho-

291 2007 403 2091 logicis
425 2008 644 2073 illustrandam
665 2031 736 2074 esse
756 2010 951 2094 rationibus3
980 2013 1124 2096 quaestio
1154 2013 1238 2076 enim
1266 2014 1385 2076 nonin

292 2137 329 2180 eo
363 2126 509 2181 versatur
540 2126 647 2181 utrum
678 2119 923 2203 praeteritorum
951 2140 993 2182 an
1024 2121 1240 2204 praesentium
1268 2120 1385 2186 habeat

293 2224 552 2288 consecutionem
584 2224 696 2289 sedin
718 2247 765 2310 eo,
794 2226 909 2311 quibus
937 2225 997 2290 sub
1031 2227 1271 2292 condicionibus
1302 2251 1384 2292 unus

291 2330 412 2395 alterve
447 2332 583 2417 scriptor
616 2333 649 2395 in
686 2332 873 2397 secundario
911 2355 1038 2419 quoque
1077 2335 1241 2400 enuntiato
1276 2346 1385 2401 utatur
1440 2407 1442 2412 ,

293 2439 455 2523 praesenti
475 2438 637 2505 historico.

377 2543 466 2624 Quas
487 2548 628 2613 rationes
652 2547 764 2614 Cicero
786 2549 820 2612 in
840 2548 901 2613 hac
921 2571 957 2614 re
978 2551 1020 2614 sit
1042 2560 1169 2615 secutus
1190 2551 1386 2635 investigare

290 2651 480 2718 studuerunt
488 2653 610 2720 Lieven
621 2657 644 2741 ¹)
660 2667 692 2721 et
708 2655 935 2722 Motschmann
946 2659 982 2741 ²).
1012 2656 1077 2722 Hic
1091 2658 1168 2723 dicit
1186 2660 1384 2724 enuntiatum

291 2761 522 2846 secundarium,
545 2764 572 2827 si
592 2766 733 2850 positum
753 2765 795 2828 sit
817 2774 890 2850 post
912 2767 1072 2831 actionem
1086 2769 1279 2852 primariam,
1294 2789 1384 2853 prae·

179 2921 180 2928 ,
291 2869 391 2933 sentis
411 2869 530 2934 habere
551 2873 817 2956 consecutionem,
840 2874 890 2937 sin
911 2894 987 2938 vero
1009 2873 1189 2957 antecedat,
1211 2877 1384 2960 praeteriti.

292 2975 421 3042 Similes
444 2978 685 3044 observationes
707 2978 747 3044 de
767 3001 828 3044 usu
849 2989 882 3044 et
903 2981 1133 3046 consuetudine
1148 2981 1295 3048 Caesaris
1312 3005 1383 3068 pro-

291 3084 365 3148 tulit
376 3084 538 3150 Arnoldus
553 3085 631 3170 Hug
641 3087 678 3171 ³),
694 3088 749 3172 qui
763 3089 860 3152 etiam
871 3111 909 3152 oa
923 3090 1088 3153 enuntiata
1102 3089 1289 3155 secundaria
1303 3113 1385 3176 quae

290 3191 498 3258 indicativum
525 3195 680 3279 praebent
709 3197 869 3261 tractavit.
912 3197 964 3262 De
991 3198 1102 3263 eadem
1121 3221 1157 3264 re
1187 3200 1254 3283 egit
1283 3221 1385 3284 nuper

290 3298 535 3385 Heynacherq,
559 3304 610 3367 cui
632 3325 705 3367 suas
726 3326 836 3390 rursus
860 3305 1009 3389 opposuit
1030 3308 1206 3372 sententias
1227 3307 1322 3390 idem,
1344 3306 1384 3371 de

291 3428 354 3492 quo
377 3410 615 3494 supradictum
637 3420 695 3495 est,
718 3402 881 3476 Arnoldus
902 3412 1028 3497 Hugl).

361 3683 545 3752 &Lapa

358 3769 381 3838 ¹)
400 3769 545 3823 doctricem
563 3771 594 3824 da
612 3780 753 3838 rasponus
770 3771 943 3824 cmwccutioac
959 3771 1032 3839 aprrd
1045 3773 1188 3825 Oicmoncm
1206 3791 1282 3840 wem
1299 3791 1383 3840 uapor

231 3871 235 3878 ’
290 3857 407 3922 capescit
426 3857 521 3910 [aava
539 3859 660 3924 exemplis
677 3875 708 3910 aa
727 3858 886 3910 amicalem
906 3859 1034 3912 etcum
1052 3859 1208 3926 depranptis
1226 3878 1313 3912 cacan
1329 3878 1382 3914 cass

290 3943 489 3996 demonstratam.
524 3947 608 3996 Jenae
628 3947 702 4010 1875,
720 3962 746 4012 p.
765 3949 788 3998 9.

358 4028 381 4098 ⁸)
401 4031 486 4081 .··nnal.
505 4031 570 4097 phil.
589 4032 702 4084 LXXXI
718 4048 743 4098 p.
763 4036 811 4083 877
831 4049 885 4098 sqq.

359 4115 381 4185 ⁴)
399 4117 559 4184 Heynacher
583 4117 641 4169 Wes
660 4118 751 4184 erpicbt
769 4118 823 4170 siclt
840 4135 889 4170 aas
906 4117 963 4170 dem
981 4118 1207 4186 spratqceraucs
1226 4121 1322 4173 Odsars
1347 4121 1382 4172 im

291 4202 383 4254 bollion
403 4201 549 4254 Gallicana?
568 4205 631 4254 1881
651 4220 675 4270 p.
695 4206 803 4256 att-51.

360 4287 382 4355 l)
401 4289 487 4340 annal
505 4289 570 4356 phil.
589 4289 685 4341 CXXV
702 4306 728 4357 p.
748 4294 891 4343 281-286.
