3162 5088
834 533 876 598 34

312 731 559 820 quamperfecto,
588 733 702 818 quibus
725 735 902 798 accuratius
932 731 1130 798 describatur
1158 754 1220 817 quo
1252 732 1347 797 modo
1370 753 1408 797 se

311 841 428 907 habeat
443 842 484 906 ad
506 851 632 927 tempus
655 843 811 907 enuntiati
832 843 984 926 primarii,
1006 840 1062 904 sed
1077 841 1220 926 perfecto
1236 863 1299 925 quo
1314 843 1407 906 notio

311 952 474 1035 praeteriti
503 951 691 1034 exprimitur
720 951 825 1034 magis
848 960 1004 1035 quatenus
1025 948 1066 1012 ad
1089 959 1215 1034 tempus
1243 949 1407 1034 loquentis

310 1067 441 1145 spectet.

392 1166 432 1231 In
455 1168 628 1231 enuntiatis
648 1166 790 1232 relativis
813 1186 886 1229 cum
908 1167 1109 1230 coniunctivo
1132 1165 1287 1231 habemus
1307 1166 1407 1230 ratio-

309 1296 383 1339 nem
404 1274 583 1339 absolutam

391 1405 420 1446 a.
456 1383 483 1446 si
505 1383 725 1446 coniunctivus
747 1380 883 1466 perfecti
903 1382 937 1444 in
961 1381 1125 1446 enuntiato
1141 1381 1328 1446 secundario
1344 1390 1403 1446 est.

459 1490 500 1555 cf.
518 1490 590 1555 hist.
612 1489 630 1555 I
653 1490 700 1573 15,
726 1491 773 1554 18.
804 1487 822 1552 Ι
845 1489 893 1571 10,
916 1489 963 1554 11.
986 1489 1036 1572 37,
1054 1489 1102 1554 10.
1135 1489 1208 1554 hist.
1232 1489 1285 1554 ΙΠ
1307 1489 1356 1573 75,
1373 1491 1402 1555 7.

459 1597 648 1682 ann.H88,
664 1597 710 1661 13.
753 1595 969 1677 annX124,
992 1597 1021 1661 6.

390 1706 421 1769 b.
458 1707 485 1770 si
508 1706 727 1770 coniunctivus
750 1705 949 1788 praesentis:
972 1726 1045 1768 ann.
1066 1703 1150 1768 XVI
1167 1705 1209 1769 35
1228 1706 1263 1769 r'rt
1278 1727 1315 1768 eo
1330 1717 1402 1768 tern-

453 1836 536 1899 pore
557 1826 651 1877 notos
672 1835 713 1896 es,
735 1813 769 1877 t'rt
791 1813 903 1897 quibua
915 1812 1053 1898 flrraore
1074 1812 1231 1898 expediat.

307 1919 381 1985 Huc
416 1923 555 2006 pertinet
590 1921 687 1985 etiam
719 1920 760 1985 de
795 1919 868 1985 hist.
900 1919 918 1984 I
948 1923 982 1985 11
1018 1921 1194 2008 Aepyptom
1233 1920 1402 2006 copiasque

307 2030 419 2116 quibua
440 2042 628 2096 coerceretur
649 2029 715 2093 tora
736 2028 811 2093 tate
832 2054 853 2092 o
875 2029 948 2093 divo
971 2029 1111 2115 Aaparto
1132 2029 1247 2114 equites
1262 2028 1406 2094 Bateni

306 2137 441 2202 obtinent
462 2135 528 2201 loco
549 2160 664 2224 repam.
701 2146 828 2220 tempus
843 2136 999 2200 enuntiati
1012 2136 1139 2199 relativi
1154 2134 1247 2199 huius
1261 2134 1400 2219 exempli

305 2244 440 2308 relatum
462 2253 511 2308 est
540 2266 605 2307 non
635 2242 676 2308 ad
698 2242 731 2308 id
752 2253 879 2328 tempus
901 2264 964 2328 quo
986 2241 1091 2308 adhuc
1118 2243 1241 2328 equites
1263 2243 1400 2307 Romani

306 2351 495 2436 Aegyptum
522 2353 694 2436 copiasque
725 2350 929 2434 obtinebant,
962 2349 1018 2414 sed
1049 2349 1090 2414 ad
1120 2349 1152 2414 id
1181 2360 1306 2435 tempus
1337 2370 1400 2435 quo

305 2459 449 2523 obtinere
469 2459 667 2544 inceperunt,
690 2457 775 2543 quod
797 2467 867 2524 erat
888 2467 1014 2543 tempus
1036 2458 1187 2543 Augusti.

385 2589 444 2654 Vl.
481 2590 578 2655 Haud
610 2592 702 2676 parvi
738 2591 892 2655 momenti
923 2600 973 2656 est
1010 2612 1204 2674 cognoscere
1238 2610 1397 2674 quaenam

305 2721 419 2764 causae
449 2701 654 2785 rationesque
685 2699 723 2763 iis
754 2701 874 2783 regulis
907 2699 1048 2785 subsint,
1082 2721 1162 2784 quas
1198 2701 1399 2783 grammatici

304 2807 471 2892 proferunt
493 2808 533 2873 de
555 2808 779 2873 consecutione
800 2818 980 2893 temporum
1013 2809 1047 2870 in
1076 2809 1249 2872 enuntiatis
1280 2830 1321 2872 ex
1351 2807 1398 2872 in-

304 2913 435 2979 finitivis
458 2916 699 3001 participiisque
720 2914 943 3000 pendentibus.

384 3022 420 3088 si
441 3022 633 3088 infinitivum
656 3025 836 3108 praesentis
858 3024 1037 3088 invenimus
1060 3023 1321 3108 distinguendum
1338 3035 1397 3108 est,

303 3141 410 3195 utrum
431 3131 607 3196 infinitivus
629 3133 792 3216 propriam
813 3133 879 3196 vim
900 3130 1018 3196 habeat
1038 3133 1248 3217 temporalem
1263 3153 1305 3196 an
1318 3131 1399 3196 nihil

303 3237 389 3304 aliud
417 3239 577 3323 significet
605 3241 667 3304 nisi
695 3241 859 3304 notionem
890 3239 981 3304 verbi
1012 3261 1070 3325 per
1099 3261 1134 3304 se
1166 3240 1276 3304 solam.
1325 3238 1399 3304 Hoc
1498 3329 1501 3336 Ι

303 3347 443 3430 positum
458 3356 509 3411 est
528 3348 556 3410 si
577 3369 618 3411 ex
638 3349 811 3433 praeterito
827 3347 946 3432 pendet
961 3347 1002 3411 cl.
1017 3347 1090 3412 hist.
1105 3346 1159 3411 HI
1175 3347 1216 3412 52
1231 3347 1399 3434 eeplorore

300 3452 435 3538 praeta,
457 3455 491 3518 ai
508 3477 571 3540 qao
593 3453 760 3519 adirentur
781 3465 814 3519 et
834 3456 868 3519 in
892 3455 1046 3540 exemplis
1068 3455 1114 3518 ita
1135 3456 1328 3540 comparatis
1348 3477 1396 3520 re·

303 3560 405 3625 fertur
426 3571 551 3647 tempus
573 3563 729 3628 enuntiati
751 3562 931 3628 secundarii
952 3561 994 3627 ad
1015 3563 1174 3626 actionem
1203 3563 1396 3648 prinmriam.

302 3667 457 3735 Similiter
483 3693 535 3734 res
565 3692 601 3735 se
629 3669 727 3735 habet
761 3672 788 3734 si
816 3672 851 3734 in
879 3672 1045 3736 enuntiato
1075 3671 1226 3756 primario
1254 3669 1397 3736 futurum

302 3775 456 3842 habemus
477 3777 518 3842 cf.
540 3799 614 3842 ann.
635 3775 653 3840 I
675 3777 716 3842 58
747 3790 833 3842 taam
863 3779 923 3843 erit
952 3778 1139 3858 consultore,
1169 3791 1274 3843 amm
1297 3800 1394 3866 prae·

302 3884 407 3950 voleat
428 3886 482 3971 qui
503 3885 591 3950 locus
612 3907 685 3950 mea
706 3883 835 3971 quidem
855 3887 1015 3952 sententia
1035 3887 1069 3951 in
1090 3886 1175 3950 hunc
1195 3885 1326 3950 modum
1340 3908 1394 3951 ex·

302 3993 467 4076 plicandus
490 4003 558 4058 est:
589 3993 766 4058 infinitivus
789 3993 967 4059 consultare
993 3995 1156 4079 propriam
1178 3994 1244 4057 vim
1273 4003 1395 4079 tempo·

302 4098 400 4164 ralem
421 4121 485 4164 non
507 4099 614 4183 habet,
643 4102 726 4166 actio
748 4101 847 4184 igitur
868 4101 1057 4168 secundarie
1075 4111 1223 4186 respectu
1243 4102 1396 4188 temporis

302 4207 421 4291 pendet
449 4229 489 4272 ex
520 4209 646 4274 actione
674 4209 835 4296 primaria,
866 4231 905 4274 ea
933 4219 1041 4273 autem
1062 4210 1096 4273 in
1117 4218 1227 4275 nostro
1248 4209 1395 4294 exemplo
