3162 5088
808 535 847 598 16

283 733 411 798 Wetzel
425 733 466 797 ad
481 733 563 798 hanc
578 733 795 797 difficultatem
812 733 997 798 solvendam
1011 742 1132 797 rectam
1150 735 1287 817 ingressi
1302 745 1376 798 sunt

281 843 376 925 viam,
408 851 516 906 tamen
546 864 660 906 vereor
695 842 790 904 nimis
827 843 973 925 angustis
1009 841 1127 906 finibus
1163 841 1247 908 hunc
1284 864 1377 907 usum

283 949 553 1014 circumscribant.
597 949 633 1015 Si
655 949 739 1013 enim
760 949 896 1032 legimus
913 948 1015 1014 Tacit.
1027 949 1100 1014 hist.
1115 947 1150 1012 Π
1164 949 1205 1013 41
1224 951 1376 1016 incertam

281 1057 348 1139 fait
374 1071 477 1121 utrum
507 1095 549 1103 —
577 1057 788 1142 coeptaverint
817 1057 869 1120 vel
898 1057 1071 1121 11111176
1102 1081 1158 1122 car
1190 1057 1376 1124 abstinuerit

281 1167 458 1252 spectaculo
486 1167 575 1230 vario
603 1165 768 1229 trabebant
796 1165 917 1228 nullam
945 1167 1173 1249 cogitationem
1200 1188 1376 1250 agnoscere

281 1296 412 1360 possum
434 1275 552 1338 dicenti
572 1275 743 1358 propriam,
776 1273 918 1338 subiecto
948 1276 1104 1339 enuntiati
1134 1277 1276 1360 primarii
1298 1297 1374 1361 quo·

282 1381 450 1458 dammodo
473 1383 661 1467 oppositam,
682 1381 745 1445 huc
765 1380 888 1446 accedit
903 1382 989 1467 quod
1005 1383 1151 1468 exempla
1169 1385 1375 1448 inveniuntur

281 1490 327 1554 ita
349 1499 547 1575 comparata,
580 1499 616 1552 ut
638 1490 710 1553 talis
735 1491 892 1574 oppositio
914 1491 997 1554 inter
1018 1490 1195 1554 subiectum
1217 1492 1374 1555 enuntiati

282 1599 424 1682 primarii
446 1608 478 1662 et
499 1596 678 1662 secundarii
701 1599 828 1661 omnino
858 1596 971 1662 adesse
1000 1619 1066 1662 non
1096 1601 1197 1683 possit
1226 1598 1374 1684 quodque

281 1705 342 1770 hac
362 1708 415 1769 via
436 1707 672 1770 coniunctivum
693 1706 828 1790 perfecti
848 1707 1085 1770 enuntiatorum
1097 1701 1373 1770 consecutivorum

282 1815 442 1900 explicare
462 1836 528 1878 non
549 1835 726 1898 possumus,

364 1922 448 1987 Tota
468 1944 519 1986 res
539 1921 617 1986 mihi
638 1921 679 1985 ad
701 1922 870 1986 discrimen
900 1921 1062 2007 quoddam
1093 1924 1177 1986 inter
1206 1923 1374 1987 relativam

283 2040 314 2094 et
342 2029 521 2094 absolutam
551 2013 684 2093 duarum
715 2030 876 2093 actionum
904 2031 1061 2094 rationem
1092 2031 1273 2095 revocanda
1305 2053 1375 2096 esse

281 2137 416 2203 videtur.
460 2136 640 2222 Quodque
661 2139 785 2201 ratione
808 2139 849 2201 sit
871 2139 1093 2223 accipiendum
1113 2148 1150 2202 ut
1170 2140 1281 2204 melius
1304 2160 1373 2225 per-

282 2247 434 2332 spiciatur
462 2247 679 2310 examinemus
707 2245 847 2309 breviter
879 2267 941 2330 quo
970 2245 1065 2310 modo
1097 2247 1226 2328 linguae
1255 2248 1374 2312 latinae

281 2355 446 2438 ingenium
475 2354 536 2418 sibi
566 2353 695 2417 finxerit
720 2355 862 2417 rationes
891 2354 975 2417 inter
1005 2356 1164 2418 actionem
1190 2356 1373 2439 primariam

282 2472 314 2526 et
335 2461 556 2526 secundariam
584 2463 617 2524 in
646 2463 818 2525 enuntiatis
846 2461 1003 2560 finalibus,
1027 2463 1248 2557 consecutivis,
1275 2465 1371 2553 111161,-

280 2570 636 2664 1ος11111611116611.

310 2659 332 2666 ῃ
363 2677 398 2744 Si
420 2679 705 2762 interrogationem
726 2676 890 2742 directam
920 2678 999 2763 qaid
1026 2691 1070 2742 est
1096 2677 1270 2764 pulcram?
1296 2699 1371 2762 pen-

282 2786 409 2850 dentem
431 2785 592 2851 reddimus
615 2807 655 2849 ex
677 2785 775 2849 verbo
806 2784 943 2870 quodam
972 2786 1192 2868 interrogandi
1222 2786 1372 2869 temporis

281 2894 423 2980 perfecti,
448 2893 564 2979 duplici
586 2893 680 2958 modo
703 2892 764 2956 hoo
785 2892 854 2956 fieri
875 2903 991 2977 potest,
1019 2904 1074 2957 aut
1094 2896 1219 2958 ratione
1239 2894 1374 2957 relativa

281 3003 311 3067 h.
334 3024 352 3066 e
374 3024 410 3065 eo
441 3001 526 3086 quod
555 3003 713 3066 actionem
742 3000 962 3065 secundariam
993 3012 1151 3087 quatenus
1179 3001 1220 3065 ad
1247 3011 1373 3085 tempus

280 3109 447 3174 referimus
469 3108 665 3174 adverbum
687 3110 843 3173 enuntiati
865 3111 1006 3194 primarii
1034 3109 1247 3195 dicimusque:
1281 3131 1373 3194 quae-

281 3219 364 3298 sivit,
396 3218 475 3304 qaid
509 3231 584 3281 esset
610 3217 759 3304 pulcram
792 3227 847 3281 aut
878 3219 1002 3282 ratione
1031 3219 1179 3283 absoluta
1215 3217 1372 3282 dicentes:

281 3327 444 3412 qnaesivit,
468 3325 547 3412 qaid
567 3328 683 3411 sitite,
705 3328 789 3391 actio
811 3328 1000 3391 secundaria
1021 3330 1183 3413 propriam
1199 3348 1289 3391 suam
1308 3329 1374 3391 vim

280 3436 506 3518 notionemque
533 3435 669 3498 retineat
699 3435 906 3519 temporalem
944 3445 976 3499 et
1014 3437 1216 3499 coniunctivo
1248 3444 1372 3499 tantum

280 3542 437 3606 indicetur
457 3541 540 3606 hanc
561 3543 719 3606 actionem
740 3542 832 3606 alteri
854 3565 924 3606 esse
942 3542 1183 3607 subordinatam
1199 3564 1258 3607 nec
1274 3544 1372 3606 omni-

281 3649 341 3714 bus
363 3671 403 3714 ex
425 3648 567 3734 partibus
589 3651 637 3714 sui
659 3651 735 3712 iuris
757 3672 835 3714 esse.

363 3757 466 3825 Simili
486 3760 610 3822 ratione
627 3780 678 3822 res
702 3779 736 3822 se
757 3758 855 3823 habet
876 3760 903 3822 si
931 3761 963 3823 in
995 3761 1158 3824 enuntiato
1181 3757 1370 3823 secundario

281 3867 458 3952 perfectum
478 3866 648 3950 habemus;
670 3889 763 3932 nemo
785 3867 918 3951 negabit
940 3870 973 3931 in
995 3868 1151 3953 exemplo,
1174 3867 1258 3952 quod
1276 3886 1372 3951 supra

281 3976 345 4039 iam
366 3975 467 4040 adtuli
489 3998 497 4038 ε
519 3976 670 4039 incertum
683 3975 758 4060 fnit
779 4000 821 4038 aa
843 3977 1054 4060 coeptavere'at
1081 3976 1239 4041 actionem
1261 3994 1371 4038 secun-

282 4083 404 4146 dariam
434 4083 536 4165 magis
558 4081 738 4146 absolutam
758 4083 925 4167 magisque
947 4083 996 4146 sui
1017 4083 1094 4146 iuris
1117 4105 1196 4165 esse,
1226 4102 1323 4167 quam
1345 4082 1373 4144 si

282 4189 413 4254 Tacitus
435 4190 745 4275 plusquamperfecto
766 4212 842 4253 usus
865 4200 959 4254 esset.
1009 4189 1142 4256 sivero
1174 4191 1372 4255 enuntiatum

282 4296 504 4362 secundarium
525 4298 785 4382 interrogationis
818 4297 992 4362 indirectas
1014 4321 1054 4362 ex
1076 4299 1201 4363 actione
1222 4298 1373 4384 primaria
