<?xml version="1.0" encoding="UTF-8"?>
<!DOCTYPE html PUBLIC "-//W3C//DTD XHTML 1.0 Transitional//EN"
    "http://www.w3.org/TR/xhtml1/DTD/xhtml1-transitional.dtd">
<html xmlns="http://www.w3.org/1999/xhtml" xml:lang="en" lang="en">
 <head>
  <title>
</title>
<meta http-equiv="Content-Type" content="text/html;charset=utf-8" />
  <meta name='ocr-system' content='tesseract 3.04.00' />
  <meta name='ocr-capabilities' content='ocr_page ocr_carea ocr_par ocr_line ocrx_word'/>
</head>
<body>
  <div class='ocr_page' id='page_1' title='image "./quaestionessynt00ihmgoog_0044.png"; bbox 0 0 3162 5088; ppageno 0'>
   <div class='ocr_carea' id='block_1_1' title="bbox 772 449 968 544">
    <p class='ocr_par' dir='ltr' id='par_1_1' title="bbox 772 449 968 544">
     <span class='ocr_line' id='line_1_1' title="bbox 772 449 968 544; baseline 0 0"><span class='ocrx_word' id='word_1_1' title='bbox 772 449 968 544; x_wconf 45' lang='grc' dir='ltr'>ΑΒ--</span> 
     </span>
    </p>
   </div>
   <div class='ocr_carea' id='block_1_2' title="bbox 319 647 1431 952">
    <p class='ocr_par' dir='ltr' id='par_1_2' title="bbox 319 647 1431 952">
     <span class='ocr_line' id='line_1_2' title="bbox 319 647 1431 738; baseline 0.003 -28"><span class='ocrx_word' id='word_1_2' title='bbox 319 647 402 712; x_wconf 88' lang='lat' dir='ltr'>bene</span> <span class='ocrx_word' id='word_1_3' title='bbox 430 649 565 732; x_wconf 85' lang='lat' dir='ltr'><strong>quadret</strong></span> <span class='ocrx_word' id='word_1_4' title='bbox 596 650 637 715; x_wconf 88' lang='lat' dir='ltr'>ad</span> <span class='ocrx_word' id='word_1_5' title='bbox 671 651 837 714; x_wconf 90' lang='lat' dir='ltr'>notionem</span> <span class='ocrx_word' id='word_1_6' title='bbox 869 649 1043 733; x_wconf 78' lang='lat' dir='ltr'>particulae</span> <span class='ocrx_word' id='word_1_7' title='bbox 1076 661 1261 738; x_wconf 69' lang='lat' dir='ltr'>postquam,</span> <span class='ocrx_word' id='word_1_8' title='bbox 1295 649 1431 714; x_wconf 87' lang='lat' dir='ltr'>indicat</span> 
     </span>
     <span class='ocr_line' id='line_1_3' title="bbox 320 757 1429 844; baseline 0.001 -23"><span class='ocrx_word' id='word_1_9' title='bbox 320 758 405 821; x_wconf 90' lang='lat' dir='ltr'>enim</span> <span class='ocrx_word' id='word_1_10' title='bbox 426 759 585 823; x_wconf 82' lang='lat' dir='ltr'>actionem</span> <span class='ocrx_word' id='word_1_11' title='bbox 606 757 829 824; x_wconf 83' lang='lat' dir='ltr'>secundariam</span> <span class='ocrx_word' id='word_1_12' title='bbox 850 757 1027 844; x_wconf 84' lang='lat' dir='ltr'>perfectam</span> <span class='ocrx_word' id='word_1_13' title='bbox 1047 759 1111 822; x_wconf 92' lang='lat' dir='ltr'>iam</span> <span class='ocrx_word' id='word_1_14' title='bbox 1133 781 1202 823; x_wconf 89' lang='lat' dir='ltr'>esse</span> <span class='ocrx_word' id='word_1_15' title='bbox 1219 759 1429 824; x_wconf 87' lang='lat' dir='ltr'>absolutam-</span> 
     </span>
     <span class='ocr_line' id='line_1_4' title="bbox 321 866 1032 952; baseline 0 -23"><span class='ocrx_word' id='word_1_16' title='bbox 321 887 383 950; x_wconf 88' lang='lat' dir='ltr'>que</span> <span class='ocrx_word' id='word_1_17' title='bbox 404 866 591 951; x_wconf 87' lang='lat' dir='ltr'>priusquam</span> <span class='ocrx_word' id='word_1_18' title='bbox 611 867 744 952; x_wconf 87' lang='lat' dir='ltr'>incipiat</span> <span class='ocrx_word' id='word_1_19' title='bbox 766 867 849 931; x_wconf 92' lang='lat' dir='ltr'>actio</span> <span class='ocrx_word' id='word_1_20' title='bbox 872 866 1032 951; x_wconf 91' lang='lat' dir='ltr'>primaria.</span> 
     </span>
    </p>
   </div>
   <div class='ocr_carea' id='block_1_3' title="bbox 403 965 1543 1060">
    <p class='ocr_par' dir='ltr' id='par_1_3' title="bbox 403 965 1543 1060">
     <span class='ocr_line' id='line_1_5' title="bbox 403 965 1543 1060; baseline 0.001 -23"><span class='ocrx_word' id='word_1_21' title='bbox 403 973 587 1038; x_wconf 82' lang='lat' dir='ltr'>Perfectum</span> <span class='ocrx_word' id='word_1_22' title='bbox 609 983 716 1039; x_wconf 90' lang='lat' dir='ltr'>autem</span> <span class='ocrx_word' id='word_1_23' title='bbox 741 996 813 1038; x_wconf 92' lang='lat' dir='ltr'>cum</span> <span class='ocrx_word' id='word_1_24' title='bbox 835 974 991 1059; x_wconf 89' lang='lat' dir='ltr'>particula</span> <span class='ocrx_word' id='word_1_25' title='bbox 1016 986 1181 1060; x_wconf 81' lang='lat' dir='ltr'>postquam</span> <span class='ocrx_word' id='word_1_26' title='bbox 1212 975 1433 1038; x_wconf 90' lang='lat' dir='ltr'>coniunctum</span> <span class='ocrx_word' id='word_1_27' title='bbox 1542 965 1543 976; x_wconf 39' lang='lat'>¹</span> 
     </span>
    </p>
   </div>
   <div class='ocr_carea' id='block_1_4' title="bbox 320 1079 1430 3005">
    <p class='ocr_par' dir='ltr' id='par_1_4' title="bbox 320 1079 1430 1364">
     <span class='ocr_line' id='line_1_6' title="bbox 321 1079 1429 1168; baseline 0.002 -24"><span class='ocrx_word' id='word_1_28' title='bbox 321 1079 481 1164; x_wconf 81' lang='lat' dir='ltr'>significat</span> <span class='ocrx_word' id='word_1_29' title='bbox 508 1084 668 1147; x_wconf 87' lang='lat' dir='ltr'>actionem</span> <span class='ocrx_word' id='word_1_30' title='bbox 693 1084 879 1168; x_wconf 92' lang='lat' dir='ltr'>primariam</span> <span class='ocrx_word' id='word_1_31' title='bbox 906 1083 1014 1147; x_wconf 87' lang='lat' dir='ltr'>statim</span> <span class='ocrx_word' id='word_1_32' title='bbox 1041 1083 1197 1167; x_wconf 84' lang='lat' dir='ltr'>incepisse</span> <span class='ocrx_word' id='word_1_33' title='bbox 1224 1092 1297 1168; x_wconf 89' lang='lat' dir='ltr'>post</span> <span class='ocrx_word' id='word_1_34' title='bbox 1318 1083 1429 1146; x_wconf 89' lang='lat' dir='ltr'>actio·</span> 
     </span>
     <span class='ocr_line' id='line_1_7' title="bbox 320 1188 1430 1275; baseline 0.001 -23"><span class='ocrx_word' id='word_1_35' title='bbox 320 1188 398 1252; x_wconf 90' lang='lat' dir='ltr'>nem</span> <span class='ocrx_word' id='word_1_36' title='bbox 415 1189 646 1275; x_wconf 84' lang='lat' dir='ltr'>secundariam,</span> <span class='ocrx_word' id='word_1_37' title='bbox 670 1192 715 1255; x_wconf 89' lang='lat' dir='ltr'>ita</span> <span class='ocrx_word' id='word_1_38' title='bbox 737 1201 863 1256; x_wconf 89' lang='lat' dir='ltr'>tantum</span> <span class='ocrx_word' id='word_1_39' title='bbox 882 1199 1004 1255; x_wconf 91' lang='lat' dir='ltr'>utnon</span> <span class='ocrx_word' id='word_1_40' title='bbox 1026 1189 1183 1254; x_wconf 89' lang='lat' dir='ltr'>indicetur</span> <span class='ocrx_word' id='word_1_41' title='bbox 1205 1199 1311 1254; x_wconf 91' lang='lat' dir='ltr'>utrum</span> <span class='ocrx_word' id='word_1_42' title='bbox 1332 1191 1430 1254; x_wconf 89' lang='lat' dir='ltr'>actio</span> 
     </span>
     <span class='ocr_line' id='line_1_8' title="bbox 321 1281 1006 1364; baseline 0.003 -4"><span class='ocrx_word' id='word_1_43' title='bbox 321 1297 509 1362; x_wconf 88' lang='lat' dir='ltr'>secundaria</span> <span class='ocrx_word' id='word_1_44' title='bbox 531 1298 678 1364; x_wconf 87' lang='lat' dir='ltr'>absoluta</span> <span class='ocrx_word' id='word_1_45' title='bbox 700 1301 764 1364; x_wconf 89' lang='lat' dir='ltr'>iam</span> <span class='ocrx_word' id='word_1_46' title='bbox 785 1321 845 1364; x_wconf 90' lang='lat' dir='ltr'>nec</span> <span class='ocrx_word' id='word_1_47' title='bbox 866 1321 907 1364; x_wconf 92' lang='lat' dir='ltr'>ne</span> <span class='ocrx_word' id='word_1_48' title='bbox 929 1300 978 1363; x_wconf 89' lang='lat' dir='ltr'>sit.</span> <span class='ocrx_word' id='word_1_49' title='bbox 1004 1281 1006 1288; x_wconf 37' lang='lat'><strong><em>¹</em></strong></span> 
     </span>
    </p>

    <p class='ocr_par' dir='ltr' id='par_1_5' title="bbox 320 1403 1428 2575">
     <span class='ocr_line' id='line_1_9' title="bbox 403 1403 1428 1493; baseline 0.003 -26"><span class='ocrx_word' id='word_1_50' title='bbox 403 1403 558 1471; x_wconf 89' lang='lat' dir='ltr'>Videmus</span> <span class='ocrx_word' id='word_1_51' title='bbox 580 1408 679 1492; x_wconf 86' lang='lat' dir='ltr'>igitur</span> <span class='ocrx_word' id='word_1_52' title='bbox 694 1407 1007 1493; x_wconf 85' lang='lat' dir='ltr'>plusquamperfecto</span> <span class='ocrx_word' id='word_1_53' title='bbox 1023 1407 1180 1472; x_wconf 90' lang='lat' dir='ltr'>actionem</span> <span class='ocrx_word' id='word_1_54' title='bbox 1196 1405 1428 1471; x_wconf 85' lang='lat' dir='ltr'>secundariam</span> 
     </span>
     <span class='ocr_line' id='line_1_10' title="bbox 320 1511 1426 1602; baseline -0.001 -25"><span class='ocrx_word' id='word_1_55' title='bbox 320 1516 499 1578; x_wconf 88' lang='lat' dir='ltr'>accuratius</span> <span class='ocrx_word' id='word_1_56' title='bbox 522 1514 647 1580; x_wconf 87' lang='lat' dir='ltr'>definiri</span> <span class='ocrx_word' id='word_1_57' title='bbox 677 1526 774 1602; x_wconf 92' lang='lat' dir='ltr'>atque</span> <span class='ocrx_word' id='word_1_58' title='bbox 796 1515 1029 1596; x_wconf 89' lang='lat' dir='ltr'>circumscribi,</span> <span class='ocrx_word' id='word_1_59' title='bbox 1062 1536 1158 1599; x_wconf 91' lang='lat' dir='ltr'>quam</span> <span class='ocrx_word' id='word_1_60' title='bbox 1185 1514 1336 1599; x_wconf 86' lang='lat' dir='ltr'>perfecte.</span> <span class='ocrx_word' id='word_1_61' title='bbox 1382 1511 1426 1578; x_wconf 79' lang='lat' dir='ltr'>si</span> 
     </span>
     <span class='ocr_line' id='line_1_11' title="bbox 321 1621 1426 1710; baseline 0 -26"><span class='ocrx_word' id='word_1_62' title='bbox 321 1631 431 1686; x_wconf 90' lang='lat' dir='ltr'>autem</span> <span class='ocrx_word' id='word_1_63' title='bbox 451 1623 563 1706; x_wconf 86' lang='lat' dir='ltr'>lingua</span> <span class='ocrx_word' id='word_1_64' title='bbox 583 1625 685 1689; x_wconf 88' lang='lat' dir='ltr'>latina</span> <span class='ocrx_word' id='word_1_65' title='bbox 706 1623 885 1710; x_wconf 87' lang='lat' dir='ltr'>perfectum</span> <span class='ocrx_word' id='word_1_66' title='bbox 907 1624 1077 1708; x_wconf 90' lang='lat' dir='ltr'>praecipue</span> <span class='ocrx_word' id='word_1_67' title='bbox 1099 1621 1245 1687; x_wconf 87' lang='lat' dir='ltr'>adhibuit</span> <span class='ocrx_word' id='word_1_68' title='bbox 1266 1623 1298 1684; x_wconf 97' lang='lat' dir='ltr'>in</span> <span class='ocrx_word' id='word_1_69' title='bbox 1319 1642 1426 1685; x_wconf 90' lang='lat' dir='ltr'>enun-</span> 
     </span>
     <span class='ocr_line' id='line_1_12' title="bbox 321 1729 1424 1820; baseline 0 -28"><span class='ocrx_word' id='word_1_70' title='bbox 321 1729 409 1794; x_wconf 90' lang='lat' dir='ltr'>tiatis</span> <span class='ocrx_word' id='word_1_71' title='bbox 431 1753 451 1794; x_wconf 90' lang='lat' dir='ltr'>a</span> <span class='ocrx_word' id='word_1_72' title='bbox 472 1731 629 1816; x_wconf 90' lang='lat' dir='ltr'>particula</span> <span class='ocrx_word' id='word_1_73' title='bbox 647 1746 815 1820; x_wconf 79' lang='lat' dir='ltr'>postquam</span> <span class='ocrx_word' id='word_1_74' title='bbox 838 1731 1073 1817; x_wconf 90' lang='lat' dir='ltr'>incipientibus,</span> <span class='ocrx_word' id='word_1_75' title='bbox 1095 1729 1298 1794; x_wconf 90' lang='lat' dir='ltr'>referendum</span> <span class='ocrx_word' id='word_1_76' title='bbox 1319 1729 1424 1793; x_wconf 85' lang='lat' dir='ltr'>idest</span> 
     </span>
     <span class='ocr_line' id='line_1_13' title="bbox 321 1834 1423 1924; baseline -0.001 -23"><span class='ocrx_word' id='word_1_77' title='bbox 321 1834 362 1901; x_wconf 88' lang='lat' dir='ltr'>ad</span> <span class='ocrx_word' id='word_1_78' title='bbox 381 1839 511 1923; x_wconf 87' lang='lat' dir='ltr'>linguae</span> <span class='ocrx_word' id='word_1_79' title='bbox 533 1839 652 1904; x_wconf 88' lang='lat' dir='ltr'>latinae</span> <span class='ocrx_word' id='word_1_80' title='bbox 672 1841 879 1905; x_wconf 85' lang='lat' dir='ltr'>vivacitatem</span> <span class='ocrx_word' id='word_1_81' title='bbox 900 1839 1109 1924; x_wconf 91' lang='lat' dir='ltr'>habitumque</span> <span class='ocrx_word' id='word_1_82' title='bbox 1123 1839 1304 1902; x_wconf 92' lang='lat' dir='ltr'>oratorium.</span> <span class='ocrx_word' id='word_1_83' title='bbox 1338 1835 1423 1900; x_wconf 78' lang='lat' dir='ltr'>Effi-</span> 
     </span>
     <span class='ocr_line' id='line_1_14' title="bbox 321 1944 1422 2033; baseline -0.001 -25"><span class='ocrx_word' id='word_1_84' title='bbox 321 1947 425 2011; x_wconf 87' lang='lat' dir='ltr'>cacius</span> <span class='ocrx_word' id='word_1_85' title='bbox 448 1948 533 2011; x_wconf 88' lang='lat' dir='ltr'>enim</span> <span class='ocrx_word' id='word_1_86' title='bbox 555 1948 744 2033; x_wconf 88' lang='lat' dir='ltr'>exprimitur</span> <span class='ocrx_word' id='word_1_87' title='bbox 771 1949 881 2013; x_wconf 90' lang='lat' dir='ltr'>statim</span> <span class='ocrx_word' id='word_1_88' title='bbox 913 1957 986 2033; x_wconf 87' lang='lat' dir='ltr'>post</span> <span class='ocrx_word' id='word_1_89' title='bbox 1014 1949 1174 2012; x_wconf 90' lang='lat' dir='ltr'>actionem</span> <span class='ocrx_word' id='word_1_90' title='bbox 1195 1944 1422 2010; x_wconf 86' lang='lat' dir='ltr'>secundariam</span> 
     </span>
     <span class='ocr_line' id='line_1_15' title="bbox 320 2052 1423 2141; baseline -0.002 -25"><span class='ocrx_word' id='word_1_91' title='bbox 320 2054 479 2139; x_wconf 88' lang='lat' dir='ltr'>incepisse</span> <span class='ocrx_word' id='word_1_92' title='bbox 513 2057 672 2121; x_wconf 87' lang='lat' dir='ltr'>actionem</span> <span class='ocrx_word' id='word_1_93' title='bbox 708 2057 909 2141; x_wconf 86' lang='lat' dir='ltr'>primariam,</span> <span class='ocrx_word' id='word_1_94' title='bbox 946 2058 974 2120; x_wconf 92' lang='lat' dir='ltr'>si</span> <span class='ocrx_word' id='word_1_95' title='bbox 1005 2078 1042 2120; x_wconf 91' lang='lat' dir='ltr'>ec</span> <span class='ocrx_word' id='word_1_96' title='bbox 1073 2055 1158 2140; x_wconf 93' lang='lat' dir='ltr'>quod</span> <span class='ocrx_word' id='word_1_97' title='bbox 1189 2052 1321 2139; x_wconf 89' lang='lat' dir='ltr'>perfecti</span> <span class='ocrx_word' id='word_1_98' title='bbox 1356 2073 1423 2116; x_wconf 91' lang='lat' dir='ltr'>usu</span> 
     </span>
     <span class='ocr_line' id='line_1_16' title="bbox 321 2163 1419 2250; baseline 0 -25"><span class='ocrx_word' id='word_1_99' title='bbox 321 2171 457 2246; x_wconf 90' lang='lat' dir='ltr'>utraque</span> <span class='ocrx_word' id='word_1_100' title='bbox 475 2163 560 2228; x_wconf 89' lang='lat' dir='ltr'>actio</span> <span class='ocrx_word' id='word_1_101' title='bbox 575 2165 753 2230; x_wconf 88' lang='lat' dir='ltr'>arctissime</span> <span class='ocrx_word' id='word_1_102' title='bbox 768 2166 973 2249; x_wconf 83' lang='lat' dir='ltr'>coniungitur</span> <span class='ocrx_word' id='word_1_103' title='bbox 988 2165 1079 2250; x_wconf 90' lang='lat' dir='ltr'>quasi</span> <span class='ocrx_word' id='word_1_104' title='bbox 1094 2163 1305 2228; x_wconf 89' lang='lat' dir='ltr'>coincidentia</span> <span class='ocrx_word' id='word_1_105' title='bbox 1320 2183 1419 2247; x_wconf 86' lang='lat' dir='ltr'>quae-</span> 
     </span>
     <span class='ocr_line' id='line_1_17' title="bbox 322 2267 1421 2357; baseline -0.001 -24"><span class='ocrx_word' id='word_1_106' title='bbox 322 2267 395 2333; x_wconf 92' lang='lat' dir='ltr'>dam</span> <span class='ocrx_word' id='word_1_107' title='bbox 418 2271 528 2335; x_wconf 90' lang='lat' dir='ltr'>oritur.</span> <span class='ocrx_word' id='word_1_108' title='bbox 578 2272 632 2336; x_wconf 89' lang='lat' dir='ltr'>Ad</span> <span class='ocrx_word' id='word_1_109' title='bbox 654 2273 789 2338; x_wconf 92' lang='lat' dir='ltr'>eandem</span> <span class='ocrx_word' id='word_1_110' title='bbox 809 2273 939 2357; x_wconf 84' lang='lat' dir='ltr'>linguae</span> <span class='ocrx_word' id='word_1_111' title='bbox 960 2272 1079 2336; x_wconf 88' lang='lat' dir='ltr'>latinae</span> <span class='ocrx_word' id='word_1_112' title='bbox 1109 2281 1256 2336; x_wconf 87' lang='lat' dir='ltr'>naturam</span> <span class='ocrx_word' id='word_1_113' title='bbox 1283 2269 1421 2335; x_wconf 88' lang='lat' dir='ltr'>rhetori-</span> 
     </span>
     <span class='ocr_line' id='line_1_18' title="bbox 322 2373 1419 2466; baseline 0 -25"><span class='ocrx_word' id='word_1_114' title='bbox 322 2399 392 2442; x_wconf 91' lang='lat' dir='ltr'>cam</span> <span class='ocrx_word' id='word_1_115' title='bbox 422 2378 527 2443; x_wconf 89' lang='lat' dir='ltr'>referc</span> <span class='ocrx_word' id='word_1_116' title='bbox 560 2381 656 2445; x_wconf 91' lang='lat' dir='ltr'>etiam</span> <span class='ocrx_word' id='word_1_117' title='bbox 685 2403 837 2466; x_wconf 89' lang='lat' dir='ltr'>praesens</span> <span class='ocrx_word' id='word_1_118' title='bbox 868 2381 945 2446; x_wconf 92' lang='lat' dir='ltr'>illud</span> <span class='ocrx_word' id='word_1_119' title='bbox 974 2373 1160 2446; x_wconf 87' lang='lat' dir='ltr'>historicum</span> <span class='ocrx_word' id='word_1_120' title='bbox 1190 2380 1222 2442; x_wconf 97' lang='lat' dir='ltr'>in</span> <span class='ocrx_word' id='word_1_121' title='bbox 1244 2378 1419 2443; x_wconf 89' lang='lat' dir='ltr'>enuntiatis</span> 
     </span>
     <span class='ocr_line' id='line_1_19' title="bbox 323 2486 877 2575; baseline 0.009 -27"><span class='ocrx_word' id='word_1_122' title='bbox 323 2506 342 2548; x_wconf 92' lang='lat' dir='ltr'>a</span> <span class='ocrx_word' id='word_1_123' title='bbox 364 2486 523 2570; x_wconf 89' lang='lat' dir='ltr'>particula</span> <span class='ocrx_word' id='word_1_124' title='bbox 545 2486 618 2552; x_wconf 84' lang='lat' dir='ltr'>dom</span> <span class='ocrx_word' id='word_1_125' title='bbox 639 2488 877 2575; x_wconf 90' lang='lat' dir='ltr'>incipientibus.</span> 
     </span>
    </p>

    <p class='ocr_par' dir='ltr' id='par_1_6' title="bbox 323 2592 1418 3005">
     <span class='ocr_line' id='line_1_20' title="bbox 407 2592 1418 2681; baseline -0.002 -24"><span class='ocrx_word' id='word_1_126' title='bbox 407 2593 574 2659; x_wconf 87' lang='lat' dir='ltr'>Proferam</span> <span class='ocrx_word' id='word_1_127' title='bbox 595 2617 681 2661; x_wconf 93' lang='lat' dir='ltr'>nunc</span> <span class='ocrx_word' id='word_1_128' title='bbox 704 2598 850 2681; x_wconf 89' lang='lat' dir='ltr'>exempla</span> <span class='ocrx_word' id='word_1_129' title='bbox 871 2619 911 2662; x_wconf 89' lang='lat' dir='ltr'>ex</span> <span class='ocrx_word' id='word_1_130' title='bbox 927 2597 1041 2681; x_wconf 86' lang='lat' dir='ltr'>Taciti,</span> <span class='ocrx_word' id='word_1_131' title='bbox 1057 2595 1198 2670; x_wconf 87' lang='lat' dir='ltr'>Sallusti,</span> <span class='ocrx_word' id='word_1_132' title='bbox 1210 2593 1314 2658; x_wconf 91' lang='lat' dir='ltr'>Vellei</span> <span class='ocrx_word' id='word_1_133' title='bbox 1327 2592 1418 2657; x_wconf 88' lang='lat' dir='ltr'>libris</span> 
     </span>
     <span class='ocr_line' id='line_1_21' title="bbox 325 2700 1416 2789; baseline 0.002 -26"><span class='ocrx_word' id='word_1_134' title='bbox 325 2701 371 2766; x_wconf 88' lang='lat' dir='ltr'>ita</span> <span class='ocrx_word' id='word_1_135' title='bbox 392 2700 526 2767; x_wconf 89' lang='lat' dir='ltr'>collecta</span> <span class='ocrx_word' id='word_1_136' title='bbox 545 2712 581 2768; x_wconf 93' lang='lat' dir='ltr'>ut</span> <span class='ocrx_word' id='word_1_137' title='bbox 603 2702 789 2770; x_wconf 87' lang='lat' dir='ltr'>distinctum</span> <span class='ocrx_word' id='word_1_138' title='bbox 811 2706 861 2789; x_wconf 88' lang='lat' dir='ltr'>sit,</span> <span class='ocrx_word' id='word_1_139' title='bbox 893 2706 990 2769; x_wconf 88' lang='lat' dir='ltr'>etiam</span> <span class='ocrx_word' id='word_1_140' title='bbox 1011 2714 1118 2769; x_wconf 91' lang='lat' dir='ltr'>utrum</span> <span class='ocrx_word' id='word_1_141' title='bbox 1139 2703 1338 2769; x_wconf 87' lang='lat' dir='ltr'>enuntiatum</span> <span class='ocrx_word' id='word_1_142' title='bbox 1369 2723 1416 2765; x_wconf 77' lang='lat' dir='ltr'>se-</span> 
     </span>
     <span class='ocr_line' id='line_1_22' title="bbox 324 2808 1416 2899; baseline 0.002 -28"><span class='ocrx_word' id='word_1_143' title='bbox 324 2808 511 2873; x_wconf 89' lang='lat' dir='ltr'>cundarium</span> <span class='ocrx_word' id='word_1_144' title='bbox 532 2813 702 2878; x_wconf 88' lang='lat' dir='ltr'>antecedat</span> <span class='ocrx_word' id='word_1_145' title='bbox 712 2813 762 2898; x_wconf 85' lang='lat' dir='ltr'>(a)</span> <span class='ocrx_word' id='word_1_146' title='bbox 775 2815 934 2879; x_wconf 91' lang='lat' dir='ltr'>actionem</span> <span class='ocrx_word' id='word_1_147' title='bbox 945 2813 1138 2899; x_wconf 88' lang='lat' dir='ltr'>primariam,</span> <span class='ocrx_word' id='word_1_148' title='bbox 1153 2833 1195 2876; x_wconf 92' lang='lat' dir='ltr'>an</span> <span class='ocrx_word' id='word_1_149' title='bbox 1207 2819 1358 2896; x_wconf 91' lang='lat' dir='ltr'>sequatur</span> <span class='ocrx_word' id='word_1_150' title='bbox 1369 2809 1416 2892; x_wconf 82' lang='lat' dir='ltr'>(y)</span> 
     </span>
     <span class='ocr_line' id='line_1_23' title="bbox 323 2918 1302 3005; baseline 0.002 -26"><span class='ocrx_word' id='word_1_151' title='bbox 323 2937 365 2980; x_wconf 88' lang='lat' dir='ltr'>an</span> <span class='ocrx_word' id='word_1_152' title='bbox 387 2919 586 2982; x_wconf 91' lang='lat' dir='ltr'>enuntiatum</span> <span class='ocrx_word' id='word_1_153' title='bbox 607 2921 792 3004; x_wconf 92' lang='lat' dir='ltr'>primarium</span> <span class='ocrx_word' id='word_1_154' title='bbox 813 2922 847 2985; x_wconf 90' lang='lat' dir='ltr'>in</span> <span class='ocrx_word' id='word_1_155' title='bbox 869 2921 948 2988; x_wconf 89' lang='lat' dir='ltr'>duas</span> <span class='ocrx_word' id='word_1_156' title='bbox 971 2921 1094 2987; x_wconf 89' lang='lat' dir='ltr'>dividat</span> <span class='ocrx_word' id='word_1_157' title='bbox 1114 2929 1222 3005; x_wconf 91' lang='lat' dir='ltr'>partes</span> <span class='ocrx_word' id='word_1_158' title='bbox 1244 2918 1302 3002; x_wconf 87' lang='grc' dir='ltr'>(β).</span> 
     </span>
    </p>
   </div>
   <div class='ocr_carea' id='block_1_5' title="bbox 669 3103 1071 3190">
    <p class='ocr_par' dir='ltr' id='par_1_7' title="bbox 669 3103 1071 3190">
     <span class='ocr_line' id='line_1_24' title="bbox 669 3103 1071 3190; baseline 0 -22"><span class='ocrx_word' id='word_1_159' title='bbox 669 3104 785 3190; x_wconf 89' lang='lat' dir='ltr'>Apud</span> <span class='ocrx_word' id='word_1_160' title='bbox 807 3103 1071 3171; x_wconf 87' lang='lat' dir='ltr'>Sallustium.</span> 
     </span>
    </p>
   </div>
   <div class='ocr_carea' id='block_1_6' title="bbox 323 3241 1414 4294">
    <p class='ocr_par' dir='ltr' id='par_1_8' title="bbox 323 3241 956 3331">
     <span class='ocr_line' id='line_1_25' title="bbox 323 3241 956 3331; baseline 0.016 -28"><span class='ocrx_word' id='word_1_161' title='bbox 323 3241 364 3304; x_wconf 84' lang='lat' dir='ltr'>A.</span> <span class='ocrx_word' id='word_1_162' title='bbox 393 3264 478 3306; x_wconf 93' lang='lat' dir='ltr'>cum</span> <span class='ocrx_word' id='word_1_163' title='bbox 499 3243 731 3310; x_wconf 90' lang='lat' dir='ltr'>indicativo</span> <span class='ocrx_word' id='word_1_164' title='bbox 754 3248 956 3331; x_wconf 90' lang='lat' dir='ltr'>perfecti.</span> 
     </span>
    </p>

    <p class='ocr_par' dir='ltr' id='par_1_9' title="bbox 412 3351 1414 3760">
     <span class='ocr_line' id='line_1_26' title="bbox 412 3351 1412 3441; baseline 0.001 -28"><span class='ocrx_word' id='word_1_165' title='bbox 412 3371 440 3413; x_wconf 89' lang='lat' dir='ltr'>a.</span> <span class='ocrx_word' id='word_1_166' title='bbox 468 3351 503 3414; x_wconf 81' lang='lat' dir='ltr'>iu</span> <span class='ocrx_word' id='word_1_167' title='bbox 524 3351 684 3418; x_wconf 81' lang='lat' dir='ltr'>enuntiato</span> <span class='ocrx_word' id='word_1_168' title='bbox 702 3354 862 3440; x_wconf 79' lang='lat' dir='ltr'>primario</span> <span class='ocrx_word' id='word_1_169' title='bbox 884 3369 928 3420; x_wconf 83' lang='lat' dir='ltr'>est</span> <span class='ocrx_word' id='word_1_170' title='bbox 946 3355 1131 3441; x_wconf 74' lang='lat' dir='ltr'>perfectum.</span> <span class='ocrx_word' id='word_1_171' title='bbox 1168 3355 1204 3438; x_wconf 88' lang='lat' dir='ltr'>u)</span> <span class='ocrx_word' id='word_1_172' title='bbox 1228 3352 1298 3418; x_wconf 83' lang='lat' dir='ltr'>Cat.</span> <span class='ocrx_word' id='word_1_173' title='bbox 1322 3352 1412 3435; x_wconf 95' lang='grc'>12,1.</span> 
     </span>
     <span class='ocr_line' id='line_1_27' title="bbox 474 3458 1414 3548; baseline 0.001 -27"><span class='ocrx_word' id='word_1_174' title='bbox 474 3458 523 3540; x_wconf 91' lang='grc'>21,</span> <span class='ocrx_word' id='word_1_175' title='bbox 547 3460 574 3522; x_wconf 93' lang='lat'>1.</span> <span class='ocrx_word' id='word_1_176' title='bbox 601 3461 652 3546; x_wconf 98' lang='grc'>26,</span> <span class='ocrx_word' id='word_1_177' title='bbox 674 3461 703 3527; x_wconf 92' lang='grc'>5.</span> <span class='ocrx_word' id='word_1_178' title='bbox 733 3462 784 3546; x_wconf 92' lang='grc'>55,</span> <span class='ocrx_word' id='word_1_179' title='bbox 806 3462 836 3526; x_wconf 93' lang='grc'>5.</span> <span class='ocrx_word' id='word_1_180' title='bbox 878 3462 950 3548; x_wconf 87' lang='lat' dir='ltr'>Iug.</span> <span class='ocrx_word' id='word_1_181' title='bbox 966 3462 1125 3546; x_wconf 77' lang='grc'>91,5(2).</span> <span class='ocrx_word' id='word_1_182' title='bbox 1165 3464 1200 3547; x_wconf 85' lang='grc' dir='ltr'>β)</span> <span class='ocrx_word' id='word_1_183' title='bbox 1224 3460 1294 3526; x_wconf 83' lang='lat' dir='ltr'>Cat.</span> <span class='ocrx_word' id='word_1_184' title='bbox 1316 3461 1366 3544; x_wconf 85' lang='lat'>38,</span> <span class='ocrx_word' id='word_1_185' title='bbox 1389 3460 1414 3522; x_wconf 93' lang='lat'>1.</span> 
     </span>
     <span class='ocr_line' id='line_1_28' title="bbox 473 3566 1414 3656; baseline 0 -26"><span class='ocrx_word' id='word_1_186' title='bbox 473 3566 673 3652; x_wconf 72' lang='lat' dir='ltr'>39,1(³ed).</span> <span class='ocrx_word' id='word_1_187' title='bbox 716 3569 809 3654; x_wconf 90' lang='grc'>51,5</span> <span class='ocrx_word' id='word_1_188' title='bbox 838 3569 931 3656; x_wconf 81' lang='lat' dir='ltr'>(sod).</span> <span class='ocrx_word' id='word_1_189' title='bbox 975 3569 1047 3655; x_wconf 85' lang='lat' dir='ltr'>Iug.</span> <span class='ocrx_word' id='word_1_190' title='bbox 1070 3571 1099 3654; x_wconf 88' lang='grc'>8,</span> <span class='ocrx_word' id='word_1_191' title='bbox 1120 3570 1150 3633; x_wconf 93' lang='grc'>2.</span> <span class='ocrx_word' id='word_1_192' title='bbox 1182 3571 1234 3652; x_wconf 91' lang='grc'>41,</span> <span class='ocrx_word' id='word_1_193' title='bbox 1255 3570 1285 3632; x_wconf 92' lang='grc'>4.</span> <span class='ocrx_word' id='word_1_194' title='bbox 1316 3568 1414 3651; x_wconf 88' lang='grc'>96,1.</span> 
     </span>
     <span class='ocr_line' id='line_1_29' title="bbox 474 3673 699 3760; baseline 0.018 -23"><span class='ocrx_word' id='word_1_195' title='bbox 474 3673 542 3756; x_wconf 88' lang='grc'>114,</span> <span class='ocrx_word' id='word_1_196' title='bbox 563 3675 583 3739; x_wconf 89' lang='grc'><strong>3</strong></span> <span class='ocrx_word' id='word_1_197' title='bbox 606 3675 699 3760; x_wconf 80' lang='lat' dir='ltr'>(scd).</span> 
     </span>
    </p>

    <p class='ocr_par' dir='ltr' id='par_1_10' title="bbox 412 3778 1413 4294">
     <span class='ocr_line' id='line_1_30' title="bbox 412 3778 1413 3871; baseline 0.003 -29"><span class='ocrx_word' id='word_1_198' title='bbox 412 3778 443 3842; x_wconf 93' lang='lat' dir='ltr'>b.</span> <span class='ocrx_word' id='word_1_199' title='bbox 470 3804 621 3866; x_wconf 77' lang='lat' dir='ltr'>praecona</span> <span class='ocrx_word' id='word_1_200' title='bbox 640 3784 832 3850; x_wconf 62' lang='lat' dir='ltr'>tostoriacen.</span> <span class='ocrx_word' id='word_1_201' title='bbox 874 3788 909 3871; x_wconf 87' lang='lat' dir='ltr'>u)</span> <span class='ocrx_word' id='word_1_202' title='bbox 934 3786 1004 3853; x_wconf 85' lang='lat' dir='ltr'>Oat.</span> <span class='ocrx_word' id='word_1_203' title='bbox 1025 3787 1077 3871; x_wconf 85' lang='lat'>45,</span> <span class='ocrx_word' id='word_1_204' title='bbox 1100 3786 1129 3850; x_wconf 90' lang='grc'>3.</span> <span class='ocrx_word' id='word_1_205' title='bbox 1170 3785 1272 3868; x_wconf 91' lang='grc'>55,1.</span> <span class='ocrx_word' id='word_1_206' title='bbox 1314 3783 1364 3867; x_wconf 92' lang='grc'>62,</span> <span class='ocrx_word' id='word_1_207' title='bbox 1385 3783 1413 3846; x_wconf 90' lang='grc'>2.</span> 
     </span>
     <span class='ocr_line' id='line_1_31' title="bbox 472 3888 1412 3979; baseline -0.001 -25"><span class='ocrx_word' id='word_1_208' title='bbox 472 3888 616 3973; x_wconf 83' lang='lat' dir='ltr'>Iug.lb,</span> <span class='ocrx_word' id='word_1_209' title='bbox 641 3893 688 3957; x_wconf 87' lang='grc'>10.</span> <span class='ocrx_word' id='word_1_210' title='bbox 728 3893 830 3978; x_wconf 92' lang='grc'>26,1.</span> <span class='ocrx_word' id='word_1_211' title='bbox 871 3896 921 3979; x_wconf 90' lang='grc'>35,</span> <span class='ocrx_word' id='word_1_212' title='bbox 942 3896 972 3960; x_wconf 93' lang='grc'>4.</span> <span class='ocrx_word' id='word_1_213' title='bbox 1019 3895 1070 3979; x_wconf 91' lang='grc'>46,</span> <span class='ocrx_word' id='word_1_214' title='bbox 1092 3894 1120 3958; x_wconf 92' lang='lat'>4.</span> <span class='ocrx_word' id='word_1_215' title='bbox 1169 3892 1219 3976; x_wconf 90' lang='grc'>52,</span> <span class='ocrx_word' id='word_1_216' title='bbox 1241 3893 1270 3956; x_wconf 93' lang='grc'>6.</span> <span class='ocrx_word' id='word_1_217' title='bbox 1314 3893 1363 3975; x_wconf 92' lang='grc'>62,</span> <span class='ocrx_word' id='word_1_218' title='bbox 1385 3891 1412 3954; x_wconf 93' lang='grc'>6.</span> 
     </span>
     <span class='ocr_line' id='line_1_32' title="bbox 474 3997 1413 4086; baseline 0 -26"><span class='ocrx_word' id='word_1_219' title='bbox 474 3997 523 4080; x_wconf 90' lang='grc'>71,</span> <span class='ocrx_word' id='word_1_220' title='bbox 544 3997 573 4062; x_wconf 92' lang='grc'>4.</span> <span class='ocrx_word' id='word_1_221' title='bbox 620 3998 669 4083; x_wconf 94' lang='grc'>75,</span> <span class='ocrx_word' id='word_1_222' title='bbox 690 3999 720 4064; x_wconf 94' lang='lat'>2.</span> <span class='ocrx_word' id='word_1_223' title='bbox 766 4000 815 4084; x_wconf 88' lang='grc'>88,</span> <span class='ocrx_word' id='word_1_224' title='bbox 838 4002 860 4065; x_wconf 90' lang='grc'>4</span> <span class='ocrx_word' id='word_1_225' title='bbox 881 4003 937 4084; x_wconf 79' lang='grc'>(7).</span> <span class='ocrx_word' id='word_1_226' title='bbox 986 4003 1054 4086; x_wconf 90' lang='grc'>106,</span> <span class='ocrx_word' id='word_1_227' title='bbox 1076 4002 1106 4066; x_wconf 90' lang='grc'>6.</span> <span class='ocrx_word' id='word_1_228' title='bbox 1159 4001 1194 4082; x_wconf 82' lang='grc' dir='ltr'>β)</span> <span class='ocrx_word' id='word_1_229' title='bbox 1223 3998 1294 4085; x_wconf 87' lang='lat' dir='ltr'>Ing.</span> <span class='ocrx_word' id='word_1_230' title='bbox 1326 3998 1413 4080; x_wconf 87' lang='grc'>18,3</span> 
     </span>
     <span class='ocr_line' id='line_1_33' title="bbox 474 4103 1411 4194; baseline 0.001 -28"><span class='ocrx_word' id='word_1_231' title='bbox 474 4103 566 4188; x_wconf 77' lang='lat' dir='ltr'>(aad).</span> <span class='ocrx_word' id='word_1_232' title='bbox 607 4107 657 4190; x_wconf 92' lang='grc'>21,</span> <span class='ocrx_word' id='word_1_233' title='bbox 686 4108 707 4171; x_wconf 92' lang='grc'>4</span> <span class='ocrx_word' id='word_1_234' title='bbox 736 4109 831 4193; x_wconf 81' lang='lat' dir='ltr'>(sed).</span> <span class='ocrx_word' id='word_1_235' title='bbox 873 4109 923 4194; x_wconf 85' lang='grc'>35,</span> <span class='ocrx_word' id='word_1_236' title='bbox 956 4110 995 4174; x_wconf 89' lang='grc'>10</span> <span class='ocrx_word' id='word_1_237' title='bbox 1026 4109 1119 4194; x_wconf 80' lang='lat' dir='ltr'>(aad).</span> <span class='ocrx_word' id='word_1_238' title='bbox 1169 4109 1219 4192; x_wconf 91' lang='grc'>71,</span> <span class='ocrx_word' id='word_1_239' title='bbox 1241 4107 1271 4171; x_wconf 93' lang='grc'>5.</span> <span class='ocrx_word' id='word_1_240' title='bbox 1314 4105 1411 4189; x_wconf 92' lang='grc'>82,1.</span> 
     </span>
     <span class='ocr_line' id='line_1_34' title="bbox 475 4211 594 4294; baseline 0.025 -20"><span class='ocrx_word' id='word_1_241' title='bbox 475 4211 543 4294; x_wconf 89' lang='lat'>104,</span> <span class='ocrx_word' id='word_1_242' title='bbox 564 4213 594 4278; x_wconf 93' lang='lat'>4.</span> 
     </span>
    </p>
   </div>
   <div class='ocr_carea' id='block_1_7' title="bbox 0 0 1590 5088">
    <p class='ocr_par' dir='ltr' id='par_1_11' title="bbox 0 0 1590 5088">
     <span class='ocr_line' id='line_1_35' title="bbox 0 0 1590 5088; baseline 0 0"><span class='ocrx_word' id='word_1_243' title='bbox 0 0 1590 5088; x_wconf 95' lang='lat' dir='ltr'> </span> 
     </span>
    </p>
   </div>
  </div>
 </body>
</html>
