3162 5088
611 561 650 626 51

90 759 218 846 perfecti
247 759 408 844 denegare
442 759 548 825 studet
583 761 696 826 sufficit
725 781 827 846 pauca
855 760 975 843 dicere,
1011 779 1082 823 cum
1109 759 1171 824 alio

90 869 156 932 loco
184 870 246 932 iam
275 868 314 932 dc
343 865 530 932 Hoffmanni
558 869 869 954 plusquamperfecto
900 869 1004 952 logico
1042 870 1171 952 egerim.

89 977 158 1041 Etsi
178 978 289 1061 negari
310 998 376 1040 non
396 985 503 1062 potest
524 976 607 1041 hane
626 977 814 1041 Hoffmanni
835 977 1072 1042 distinctionem
1100 975 1171 1040 fun·

90 1085 270 1149 damentum
290 1079 450 1169 quoddam
473 1083 591 1149 habere
611 1086 645 1148 iu
666 1093 735 1150 tota
754 1084 802 1149 rei
821 1094 946 1168 natura,
978 1093 1087 1148 tamen
1106 1105 1172 1148 non

90 1203 210 1256 tantum
230 1192 271 1257 ad
292 1189 490 1278 probandam
510 1191 696 1257 Hoffmanni
725 1193 917 1268 sententiam
944 1193 1046 1276 valet,
1074 1212 1171 1277 quan·

88 1311 154 1365 tum
173 1302 242 1385 ipse
262 1310 371 1386 putat3
392 1321 476 1384 nam,
499 1322 690 1386 quamquam
712 1300 898 1386 imperfecto
920 1322 959 1364 ea
976 1300 1064 1363 notio
1078 1301 1171 1383 inest,

87 1418 122 1472 ut
149 1407 306 1492 significet
336 1410 493 1473 actionem
521 1419 576 1472 aut
608 1408 809 1473 incohantem
839 1416 895 1472 aut
924 1407 1110 1491 durantem,
1139 1406 1172 1471 id

88 1518 266 1602 oppositum
296 1538 361 1581 non
390 1525 438 1581 est
466 1517 585 1580 rationi
614 1517 766 1581 relativae
797 1517 881 1580 inter
919 1516 1077 1580 actionem
1108 1516 1170 1600 pri·

87 1625 217 1688 mariam
238 1632 270 1688 et
292 1622 520 1688 secundariam.
572 1625 667 1689 Actio
696 1625 781 1696 enim
811 1646 893 1710 quae
921 1644 980 1708 per
1012 1646 1046 1688 se
1078 1622 1172 1687 durat

87 1741 142 1795 aut
177 1731 329 1796 incohans
361 1742 410 1796 est
444 1731 556 1797 eadem
592 1742 702 1797 manet
740 1733 836 1797 etiam
872 1733 899 1797 si
935 1734 969 1796 in
1007 1733 1172 1797 enuntiato

86 1838 270 1904 secundario
299 1860 340 1904 ex
368 1839 494 1904 actione
522 1841 674 1928 primaria
700 1840 835 1926 pendet,
867 1851 903 1904 ut
931 1862 997 1903 non
1028 1840 1173 1904 seiuncta

88 1949 128 2010 sit
147 1949 234 2012 notio
256 1947 438 2032 temporalia
459 1948 639 2035 imperfecti
661 1947 702 2012 ab
725 1970 763 2012 ea
782 1949 922 2031 notione,
953 1969 1016 2033 qua
1037 1947 1171 2012 actionis

88 2055 220 2140 qualitas
242 2065 274 2120 et
296 2055 414 2140 gradus
436 2054 643 2141 significatur.
663 2091 706 2104 -

428 2237 544 2324 Apud
565 2238 828 2304 Sallustium.

112 2371 138 2435 I.
170 2392 255 2436 cum
275 2370 516 2436 indicativo
537 2373 788 2458 praesentis.
831 2372 877 2454 (b.
900 2394 926 2436 c.
948 2371 978 2435 d.
1007 2400 1047 2425 =
1069 2394 1172 2457 praes.

165 2478 374 2562 historicum.)

167 2609 195 2650 a.
232 2586 422 2651 indicativus
453 2588 639 2672 praesentis.
693 2587 728 2672 α)
759 2587 830 2653 Cat.
860 2588 916 2673 20,
946 2589 994 2654 12.
1036 2587 1093 2672 58,
1124 2588 1171 2654 18.

232 2695 267 2778 β)
287 2694 359 2779 Iug.
373 2697 431 2784 85,
452 2694 493 2759 21
525 2708 625 2781 atque.
667 2695 701 2780 γ)
724 2695 795 2761 Cat.
816 2696 867 2780 20,
888 2695 917 2760 6.
956 2697 1013 2781 52,
1028 2697 1058 2761 2.
1099 2697 1171 2781 Iug.

231 2802 261 2886 2,
282 2801 312 2866 4.
351 2824 396 2866 or.
420 2802 535 2867 Cottae
556 2803 585 2867 7.
619 2825 663 2868 or.
685 2801 767 2867 Phil.
790 2803 839 2867 17.

166 2909 196 2973 b.
230 2907 403 2974 infinitivus
423 2908 602 2974 historicus.
645 2911 678 2996 y)
700 2909 771 2995 Iug.
795 2911 842 2995 12,
864 2910 893 2975 5.

166 3039 192 3080 c.
231 3016 459 3101 imperfectum.
501 3016 535 3102 γ)
555 3016 627 3102 Iug.
651 3017 719 3102 106,
740 3018 770 3082 5.

165 3122 195 3187 d.
231 3123 585 3210 plusquamperfectum.
627 3125 662 3210 y)
684 3123 756 3209 Iug.
778 3125 829 3209 60,
850 3125 879 3190 6.

94 3253 140 3320 Π.
171 3279 257 3321 cum
279 3257 544 3321 coniunctivo
566 3259 816 3342 praesentis.

173 3386 201 3428 a.
237 3386 396 3449 praesens.
446 3364 480 3448 α)
513 3386 557 3428 or.
585 3364 688 3430 Macri
719 3361 766 3430 15.
823 3365 857 3450 y)
894 3362 965 3449 lug.
998 3367 1027 3451 3,
1054 3365 1084 3432 2.
1128 3390 1172 3433 or.

233 3471 348 3537 Cottae
371 3472 417 3536 14.
785 3479 790 3488 '

164 3578 196 3643 b.
232 3580 466 3642 coniunctivum
487 3581 674 3665 praesentis.
714 3579 747 3664 γ)
769 3601 814 3644 or.
836 3557 950 3666 Lepidi
973 3581 1001 3644 l.

164 3709 191 3750 c.
227 3686 369 3750 futurum
389 3686 415 3750 I.
457 3688 491 3772 γ)
514 3709 558 3751 or.
582 3687 697 3753 Cottae
721 3690 767 3753 11.

77 3819 141 3884 ΠΙ.
166 3841 252 3883 cum
273 3820 504 3886 indicativo
526 3821 778 3906 imperfecti.

162 3950 191 3991 a.
227 3949 377 4013 praesens
398 3949 501 4015 praes.
543 3929 577 4015 y)
599 3929 670 4013 Iug.
692 3929 743 4013 31,
761 3929 803 3995 20
821 3926 957 4016 placent,
980 3953 1048 3994 cam
1070 3944 1168 4015 aaut,

229 4036 397 4100 habebatis.

79 4187 80 4190 κ
163 4142 194 4207 b.
230 4143 584 4229 plusquamperfectum.
627 4143 876 4229 y)1ug.5t,2.

163 4273 190 4315 c.
228 4251 457 4335 imperfectum.
499 4256 534 4333 β)
557 4273 602 4314 or.
624 4249 705 4316 Phil.
728 4255 747 4332 ᾖ
769 4251 789 4315 6
811 4251 960 4336 equidem.

936 4379 969 4429 4*
