3162 5088
529 1843 735 1927 Particulc
760 1843 897 1947 prima.

254 2125 326 2208 Hac
347 2143 578 2207 dissertationis
599 2142 756 2226 particula
778 2143 1016 2206 examinaturus
1039 2162 1118 2224 sum,
1149 2140 1263 2226 quibus

172 2253 349 2316 rationibus
371 2251 492 2315 iactum
515 2251 565 2326 sit,
587 2259 623 2313 ut
641 2249 725 2334 apud
737 2249 885 2313 Tacitum
900 2251 1137 2313 enuntiatorum
1153 2269 1263 2313 secun-

174 2360 334 2424 dariorum
363 2381 439 2423 usus
469 2381 507 2422 ac
533 2380 683 2422 numerus
712 2380 777 2422 non
803 2368 870 2422 tam
900 2358 1051 2443 frequens
1079 2357 1136 2442 sit,
1169 2378 1264 2443 quam

174 2466 258 2552 apud
280 2469 358 2531 alios
380 2466 561 2550 scriptores.

257 2575 297 2638 A.
326 2575 430 2659 prima
458 2596 553 2640 causa
582 2576 687 2658 posita
715 2583 764 2638 est
793 2575 826 2637 in
855 2574 960 2638 Taciti
991 2573 1096 2638 studio
1124 2572 1265 2637 breviter
1307 2539 1362 2659 Α.

173 2681 335 2764 loquendi.

258 2786 330 2865 Quo
361 2789 485 2872 saepius
516 2790 600 2853 enim
621 2787 752 2852 Tacitus
779 2789 948 2874 participia
968 2788 1190 2874 ablativosque
1210 2788 1265 2852 ab·

175 2895 295 2960 solutos
331 2896 377 2958 ita
407 2905 541 2980 usurpat
547 2947 556 2979 ,
586 2906 622 2960 ut
656 2896 890 2960 enuntiatorum
923 2897 1161 2981 temporalium,
1192 2918 1264 2960 con-

175 3002 386 3085 dicionalium,
409 3002 693 3087 adversativorum,
714 3002 897 3087 modalium,
913 3005 1085 3095 causalium
1102 3005 1173 3068 vice
1194 3004 1264 3066 iun·

174 3118 302 3193 gantur,
335 3131 371 3172 eo
404 3110 509 3172 minus
542 3110 693 3196 frequens
723 3120 770 3175 est
801 3132 951 3174 numerus
985 3132 1123 3196 ususque
1154 3110 1265 3174 talium

175 3218 420 3281 enuntiatorum.
471 3216 636 3284 Habemus
658 3220 757 3303 igitur
778 3221 936 3284 rationem
957 3219 1118 3304 quandam
1139 3229 1264 3294 senten-

174 3327 235 3389 tias
265 3326 494 3410 enuntiataque
524 3325 728 3411 decurtandi,
760 3328 847 3392 cuius
880 3327 1026 3411 exempla
1057 3327 1189 3391 collecta
1218 3327 1264 3390 in-

173 3434 319 3497 venimus
341 3433 425 3518 apud
447 3434 610 3499 Helminm
632 3445 754 3521 quaest.
777 3446 861 3520 synt.
884 3459 914 3520 p.
936 3436 1089 3500 88-111,

256 3539 283 3604 Ι.
306 3540 380 3604 Duo
396 3541 543 3606 addenda
557 3564 628 3606 csse
638 3541 786 3607 videntur
802 3542 876 3607 huio
889 3544 973 3627 parti
988 3543 1263 3608 commentationis

174 3645 372 3714 Helmianae.
403 3649 454 3714 Ao
472 3651 610 3735 primum
627 3645 755 3735 quidem
774 3672 887 3715 vereor
909 3673 951 3716 ne
972 3651 1069 3716 Helm
1090 3652 1185 3714 nimis
1209 3672 1263 3713 au-

175 3753 284 3820 dacter
315 3758 462 3842 exempla
492 3779 549 3841 per
580 3758 706 3841 singula
738 3760 974 3822 enuntiatorum
1005 3781 1125 3843 genera
1159 3757 1263 3822 distri-

174 3862 287 3928 buerit.
349 3864 429 3943 Quis
468 3866 553 3929 enim
592 3863 758 3949 diiudicet,
800 3887 957 3950 quaenam
999 3868 1087 3930 notio
1128 3867 1161 3929 in
1198 3887 1262 3930 uno

174 3971 315 4037 alterove
344 3973 487 4056 exemplo
516 3975 556 4037 sit
577 3974 697 4058 potior,
727 3982 834 4037 utrum
865 3973 1016 4058 causalis,
1049 3995 1092 4038 an
1118 3973 1262 4058 modalis,

174 4100 216 4142 an
245 4079 478 4162 condicionalis,
500 4090 536 4144 ut
556 4102 649 4145 nemo
671 4102 739 4145 rem
760 4081 821 4144 sibi
843 4081 934 4146 aliter
955 4080 1078 4164 fingere
1100 4081 1221 4166 queat?

256 4188 384 4253 Deinde
420 4189 533 4273 Helm,
577 4211 649 4253 cum
694 4189 728 4252 in
769 4187 956 4272 colligendis
996 4188 1150 4272 exemplis
1190 4209 1262 4274 pro-

174 4295 276 4362 fectus
305 4299 347 4361 sit
378 4320 419 4363 ex
447 4298 688 4383 participiorum
718 4317 778 4360 usu
807 4295 1016 4379 observando,
1052 4317 1090 4360 ea
1118 4295 1264 4380 exempla

1052 4403 1063 4449 1
