3162 5088
656 541 697 606 35

576 630 774 637 ξ-

139 739 229 803 futuri
250 741 403 824 temporis
425 750 474 805 est
496 761 633 825 quocum
661 741 745 804 actio
776 740 964 806 secundaria
994 741 1056 805 nisi
1077 741 1222 807 absolute
1252 787 1253 792 κ

138 869 197 911 non
218 847 369 930 coniungi
390 856 505 933 potest.
546 847 733 934 praevaleat
755 857 804 913 θεῖ
824 850 923 933 igitur
936 851 1019 914 actio
1034 849 1223 914 secundaria

136 955 255 1020 ratione
282 964 462 1039 temporum
483 954 631 1020 absoluta
654 977 726 1020 oum
748 957 874 1021 actione
895 958 1047 1042 primaria
1068 959 1127 1022 erit
1149 980 1222 1023 oon—

136 1065 249 1128 iunota.
291 1061 396 1129 Simili
424 1064 548 1130 ratione
577 1063 799 1149 explicandum
828 1074 928 1148 esset,
966 1067 994 1130 si
1025 1065 1223 1150 legeremus:

136 1185 217 1238 tuum
238 1171 297 1236 erit
319 1170 543 1251 demonstrare,
564 1173 635 1257 qaae
655 1172 712 1238 doe
730 1172 852 1257 feeerit.

214 1278 382 1362 Propriam
404 1301 494 1344 suam
515 1280 724 1364 temporalem
744 1281 810 1344 vim
839 1279 1015 1344 infinitivus
1047 1283 1224 1367 praesentis

136 1411 260 1455 servare
279 1407 344 1454 non
365 1397 489 1472 potest,
519 1388 582 1452 nisi
607 1409 724 1472 regens
753 1409 880 1473 quoque
910 1387 1044 1453 verbum
1072 1391 1224 1474 temporis

136 1508 182 1563 θεῖ
209 1497 395 1583 praesentis.
449 1495 572 1560 Tamen
603 1497 700 1561 etiam
734 1498 768 1559 in
798 1496 855 1560 tali
890 1505 1069 1581 temporum
1100 1499 1224 1563 ratione

136 1606 338 1692 explicandus
368 1615 418 1670 θεῖ
448 1605 582 1690 perfecti
605 1605 825 1668 coniunctivus
857 1606 889 1667 in
920 1606 1083 1668 enuntiato
1114 1628 1223 1670 secun·

137 1713 225 1778 dario
246 1715 372 1779 ratione
392 1723 571 1798 temporum
593 1711 746 1777 absoluta.

214 1797 395 1886 Infinitivus
431 1801 564 1904 perfecti
596 1819 680 1905 apud
718 1821 855 1904 optimos
891 1821 1063 1905 scriptores
1099 1843 1225 1908 semper

137 1930 294 2015 propriam
321 1951 411 1994 suam
438 1929 601 1993 notionem
622 1929 775 2012 temporis
796 1929 960 2013 praeteriti
982 1931 1131 2014 servavit,
1161 1952 1225 2016 qua

136 2035 174 2102 de
194 2059 288 2101 causa
309 2036 429 2100 factum
450 2045 499 2101 θεῖ
519 2045 555 2124 ut
577 2037 610 2100 in
632 2036 804 2101 enuntiatis
835 2035 1030 2100 secundariis
1058 2059 1098 2101 ex
1120 2037 1223 2102 infini-

134 2145 199 2208 tivo
219 2145 361 2231 perfecto
383 2144 597 2230 pendentibus
620 2145 648 2209 si
668 2145 792 2209 ratione
807 2153 986 2229 temporum
1000 2146 1135 2210 relativa
1153 2168 1225 2211 cum

135 2250 292 2317 infinitivo
307 2254 476 2317 coniuncta
491 2263 575 2336 sunt,
598 2248 835 2317 coniunctivum
850 2252 1024 2317 habeamus
1045 2253 1225 2338 imperfecti

134 2367 166 2423 et
194 2360 515 2446 plusquamperfecti‚
550 2361 675 2425 etiamsi
707 2361 792 2425 aetio
826 2361 977 2446 primaria
1005 2383 1155 2446 praesens
1183 2364 1225 2427 sit

134 2467 174 2531 cf.
196 2468 223 2531 si
243 2469 379 2552 legimus
398 2466 544 2553 pulcrum
568 2480 612 2531 eet
634 2468 786 2553 effecisse,
814 2481 847 2532 at
868 2468 943 2532 baec
966 2468 1016 2533 lea
1038 2483 1224 2534 sanaretur.

128 2583 241 2639 tamen
262 2576 359 2639 etiam
388 2575 513 2639 ratione
541 2583 720 2659 temporum
747 2574 894 2640 absoluta
922 2575 1005 2640 hanc
1033 2578 1226 2642 sententiam

133 2683 311 2767 exprimere
331 2691 439 2768 potest
459 2683 596 2767 scriptor
617 2683 644 2746 si
665 2681 742 2747 dicit
764 2681 916 2769 pulcram
946 2697 989 2747 est
1006 2684 1163 2769 'afferma
1192 2699 1227 2750 at

132 2790 208 2855 daec
229 2789 287 2855 lea
301 2794 343 2855 ee‘t
362 2804 489 2855 cereata
510 2800 566 2855 aut
586 2790 678 2855 salva
700 2791 750 2854 eit.

214 2897 250 2965 Si
273 2899 438 2964 enuntiata
459 2897 647 2963 secundaria
669 2920 709 2963 ex
730 2899 904 2984 participiis
932 2899 1074 2984 pendent
1099 2923 1151 2965 ree
1181 2901 1226 2965 sio

131 3005 295 3072 sehabet.
337 3007 513 3093 ,Participia
540 3007 703 3092 propriam
734 3005 894 3092 quandam
915 3009 980 3071 vim
1001 3009 1228 3094 notionemque

133 3113 291 3179 exhibent
303 3115 521 3200 temporalem,
541 3135 623 3199 quae
638 3115 664 3180 si
680 3137 719 3178 ex
734 3114 930 3200 temporibus
947 3117 1103 3180 enuntiati
1117 3138 1227 3181 seeun-

131 3221 214 3288 darii
235 3244 302 3287 non
323 3223 481 3306 elucescit,
504 3223 704 3306 agnoscimus
726 3233 782 3287 aut
802 3224 959 3287 rationem
974 3233 1153 3309 temporum
1173 3224 1227 3290 ab·

133 3331 272 3396 solutam
293 3331 377 3395 inter
396 3331 555 3398 actionem
577 3330 797 3396 secundariam
818 3340 851 3395 et
873 3353 952 3415 eam,
975 3353 1057 3417 quae
1078 3353 1230 3418 expressa

130 3449 181 3503 θεῖ
210 3439 388 3524 participio,
420 3447 476 3502 aut
501 3434 705 3524 participium
734 3437 884 3502 adiectivi
911 3440 1014 3503 instar
1041 3449 1228 3526 usurpatum

130 3556 192 3631 est,
214 3547 269 3630 ita,
292 3556 327 3610 ut
348 3547 478 3631 propria
498 3547 588 3611 notio
609 3545 795 3631 temporalis
817 3547 992 3611 evanuerit.

214 3677 292 3742 VH.
327 3679 374 3743 At
402 3681 593 3764 quaesiverit
615 3680 773 3765 quispiam
804 3681 965 3765 quomodo
993 3680 1165 3746 artificiosa
1189 3681 1230 3745 de

129 3789 359 3852 consecutione
380 3796 560 3872 temporum
590 3789 681 3871 ratio,
714 3788 840 3873 qualem
863 3790 1042 3853 invenimus
1074 3789 1107 3852 in
1138 3788 1228 3853 libris

127 3896 360 3980 grammaticis,
383 3896 458 3960 oriri
480 3897 593 3980 potuit.
636 3895 676 3960 In
698 3898 871 3961 enuntiatis
891 3897 1050 3981 finalibus,
1080 3919 1228 3960 consecu-

126 4004 218 4083 tivis,
240 4004 492 4087 interrogatione
513 4003 678 4087 indirecta,
713 4005 787 4089 quia
814 4005 977 4090 praevalet
1002 4006 1084 4070 ratio
1107 4014 1228 4088 tempo·

126 4133 204 4175 rum
226 4112 369 4196 relativa,
391 4112 596 4176 severitatem
609 4110 770 4196 quandam
786 4112 990 4176 observamus
1005 4113 1039 4175 in
1059 4111 1228 4195 deligendo

127 4228 281 4305 tempore
303 4219 460 4284 enuntiati
480 4218 668 4303 secundarii,
686 4221 813 4304 qualem
828 4221 863 4284 in
877 4221 988 4304 lingua
1004 4241 1129 4304 graeca,
1147 4241 1230 4305 quae

995 4347 1028 4399 3*
