<?xml version="1.0" encoding="UTF-8"?>
<!DOCTYPE html PUBLIC "-//W3C//DTD XHTML 1.0 Transitional//EN"
    "http://www.w3.org/TR/xhtml1/DTD/xhtml1-transitional.dtd">
<html xmlns="http://www.w3.org/1999/xhtml" xml:lang="en" lang="en">
 <head>
  <title>
</title>
<meta http-equiv="Content-Type" content="text/html;charset=utf-8" />
  <meta name='ocr-system' content='tesseract 3.04.00' />
  <meta name='ocr-capabilities' content='ocr_page ocr_carea ocr_par ocr_line ocrx_word'/>
</head>
<body>
  <div class='ocr_page' id='page_1' title='image "./quaestionessynt00ihmgoog_0046.png"; bbox 0 0 3162 5088; ppageno 0'>
   <div class='ocr_carea' id='block_1_1' title="bbox 814 514 856 578">
    <p class='ocr_par' dir='ltr' id='par_1_1' title="bbox 814 514 856 578">
     <span class='ocr_line' id='line_1_1' title="bbox 814 514 856 578; baseline 0 0"><span class='ocrx_word' id='word_1_1' title='bbox 814 514 856 578; x_wconf 87' lang='lat'><em>40</em></span> 
     </span>
    </p>
   </div>
   <div class='ocr_carea' id='block_1_2' title="bbox 273 711 1392 783">
    <p class='ocr_par' dir='ltr' id='par_1_2' title="bbox 273 711 1392 783">
     <span class='ocr_line' id='line_1_2' title="bbox 273 711 1392 783; baseline -0.005 -1"><span class='ocrx_word' id='word_1_2' title='bbox 273 719 332 783; x_wconf 72' lang='lat' dir='ltr'><em>I’.</em></span> <span class='ocrx_word' id='word_1_3' title='bbox 361 719 400 782; x_wconf 91' lang='lat' dir='ltr'><em>in</em></span> <span class='ocrx_word' id='word_1_4' title='bbox 422 718 641 782; x_wconf 89' lang='lat' dir='ltr'><em>enuntiato</em></span> <span class='ocrx_word' id='word_1_5' title='bbox 661 714 916 781; x_wconf 90' lang='lat' dir='ltr'><em>secundario</em></span> <span class='ocrx_word' id='word_1_6' title='bbox 932 715 1130 779; x_wconf 90' lang='lat' dir='ltr'><em>omissum</em></span> <span class='ocrx_word' id='word_1_7' title='bbox 1149 711 1392 778; x_wconf 84' lang='lat' dir='ltr'><em>estverbum</em></span> 
     </span>
    </p>
   </div>
   <div class='ocr_carea' id='block_1_3' title="bbox 365 821 1390 1021">
    <p class='ocr_par' dir='ltr' id='par_1_3' title="bbox 365 821 1390 1021">
     <span class='ocr_line' id='line_1_3' title="bbox 365 821 1390 908; baseline -0.008 -18"><span class='ocrx_word' id='word_1_8' title='bbox 365 825 694 890; x_wconf 86' lang='lat' dir='ltr'><em>substantivum:</em></span> <span class='ocrx_word' id='word_1_9' title='bbox 729 823 801 908; x_wconf 84' lang='lat' dir='ltr'><em>Iug.</em></span> <span class='ocrx_word' id='word_1_10' title='bbox 830 824 880 906; x_wconf 85' lang='lat'><em>91,</em></span> <span class='ocrx_word' id='word_1_11' title='bbox 910 824 930 887; x_wconf 89' lang='grc'><strong>3</strong></span> <span class='ocrx_word' id='word_1_12' title='bbox 959 822 1041 907; x_wconf 82' lang='lat' dir='ltr'><em>daia,</em></span> <span class='ocrx_word' id='word_1_13' title='bbox 1076 835 1246 908; x_wconf 77' lang='lat' dir='ltr'><em>postquam</em></span> <span class='ocrx_word' id='word_1_14' title='bbox 1278 821 1390 906; x_wconf 76' lang='lat' dir='ltr'><em>uisum,</em></span> 
     </span>
     <span class='ocr_line' id='line_1_4' title="bbox 367 930 1244 1021; baseline -0.002 -25"><span class='ocrx_word' id='word_1_15' title='bbox 367 932 534 1021; x_wconf 76' lang='lat' dir='ltr'><em>equoditur.</em></span> <span class='ocrx_word' id='word_1_16' title='bbox 579 933 648 1016; x_wconf 89' lang='grc'><strong>109,</strong></span> <span class='ocrx_word' id='word_1_17' title='bbox 670 933 690 996; x_wconf 93' lang='grc'><strong>2</strong></span> <span class='ocrx_word' id='word_1_18' title='bbox 712 931 752 996; x_wconf 88' lang='lat' dir='ltr'><em>cf.</em></span> <span class='ocrx_word' id='word_1_19' title='bbox 776 933 898 996; x_wconf 86' lang='lat' dir='ltr'><em>etiam:</em></span> <span class='ocrx_word' id='word_1_20' title='bbox 919 931 991 1016; x_wconf 90' lang='lat' dir='ltr'><em>Iug.</em></span> <span class='ocrx_word' id='word_1_21' title='bbox 1013 931 1063 1015; x_wconf 83' lang='grc'><em>27,</em></span> <span class='ocrx_word' id='word_1_22' title='bbox 1087 931 1114 994; x_wconf 98' lang='grc'><em>1.</em></span> <span class='ocrx_word' id='word_1_23' title='bbox 1133 931 1193 1014; x_wconf 74' lang='lat' dir='ltr'><em>ts,</em></span> <span class='ocrx_word' id='word_1_24' title='bbox 1215 930 1244 994; x_wconf 78' lang='lat' dir='ltr'><em>t.</em></span> 
     </span>
    </p>
   </div>
   <div class='ocr_carea' id='block_1_4' title="bbox 297 1082 1393 1495">
    <p class='ocr_par' dir='ltr' id='par_1_4' title="bbox 297 1082 1393 1495">
     <span class='ocr_line' id='line_1_5' title="bbox 297 1082 1392 1167; baseline -0.007 -15"><span class='ocrx_word' id='word_1_25' title='bbox 297 1085 339 1152; x_wconf 84' lang='lat' dir='ltr'><em>G.</em></span> <span class='ocrx_word' id='word_1_26' title='bbox 366 1087 629 1149; x_wconf 89' lang='lat' dir='ltr'><em>enuntiatum</em></span> <span class='ocrx_word' id='word_1_27' title='bbox 672 1082 964 1149; x_wconf 87' lang='lat' dir='ltr'><em>secundarium</em></span> <span class='ocrx_word' id='word_1_28' title='bbox 1011 1082 1166 1167; x_wconf 84' lang='lat' dir='ltr'>pendet</span> <span class='ocrx_word' id='word_1_29' title='bbox 1217 1103 1296 1145; x_wconf 92' lang='lat' dir='ltr'><em>non</em></span> <span class='ocrx_word' id='word_1_30' title='bbox 1345 1103 1392 1145; x_wconf 87' lang='lat' dir='ltr'><em>ex</em></span> 
     </span>
     <span class='ocr_line' id='line_1_6' title="bbox 363 1189 1390 1277; baseline -0.004 -21"><span class='ocrx_word' id='word_1_31' title='bbox 363 1192 493 1257; x_wconf 86' lang='lat' dir='ltr'><em>verbo</em></span> <span class='ocrx_word' id='word_1_32' title='bbox 515 1193 687 1277; x_wconf 89' lang='lat' dir='ltr'><em>regenti</em></span> <span class='ocrx_word' id='word_1_33' title='bbox 710 1192 923 1256; x_wconf 87' lang='lat' dir='ltr'><em>enuntiati</em></span> <span class='ocrx_word' id='word_1_34' title='bbox 952 1191 1153 1276; x_wconf 90' lang='lat' dir='ltr'><em>primarii.</em></span> <span class='ocrx_word' id='word_1_35' title='bbox 1205 1189 1277 1273; x_wconf 83' lang='lat' dir='ltr'><em>Iug.</em></span> <span class='ocrx_word' id='word_1_36' title='bbox 1300 1189 1390 1273; x_wconf 91' lang='grc'><strong>85,1</strong></span> 
     </span>
     <span class='ocr_line' id='line_1_7' title="bbox 368 1297 1392 1386; baseline -0.005 -22"><span class='ocrx_word' id='word_1_37' title='bbox 368 1301 432 1365; x_wconf 82' lang='lat' dir='ltr'><em>sos‘o</em></span> <span class='ocrx_word' id='word_1_38' title='bbox 461 1300 626 1386; x_wconf 82' lang='lat' dir='ltr'><em>plerosquo</em></span> <span class='ocrx_word' id='word_1_39' title='bbox 655 1313 758 1386; x_wconf 86' lang='lat' dir='ltr'><em>potero</em></span> <span class='ocrx_word' id='word_1_40' title='bbox 788 1311 816 1364; x_wconf 88' lang='lat' dir='ltr'><em>et</em></span> <span class='ocrx_word' id='word_1_41' title='bbox 839 1312 1007 1386; x_wconf 72' lang='lat' dir='ltr'><em>postquam</em></span> <span class='ocrx_word' id='word_1_42' title='bbox 1038 1297 1151 1384; x_wconf 81' lang='lat' dir='ltr'><em>adepti</em></span> <span class='ocrx_word' id='word_1_43' title='bbox 1177 1311 1250 1361; x_wconf 86' lang='lat' dir='ltr'><em>suut</em></span> <span class='ocrx_word' id='word_1_44' title='bbox 1278 1319 1392 1384; x_wconf 82' lang='lat' dir='ltr'><em>qorme.</em></span> 
     </span>
     <span class='ocr_line' id='line_1_8' title="bbox 365 1404 1393 1495; baseline -0.004 -22"><span class='ocrx_word' id='word_1_45' title='bbox 365 1410 415 1493; x_wconf 91' lang='grc'><em>88,</em></span> <span class='ocrx_word' id='word_1_46' title='bbox 440 1412 455 1472; x_wconf 91' lang='grc'><em>1</em></span> <span class='ocrx_word' id='word_1_47' title='bbox 478 1409 646 1495; x_wconf 72' lang='lat' dir='ltr'><em>caespitum,</em></span> <span class='ocrx_word' id='word_1_48' title='bbox 673 1408 764 1494; x_wconf 76' lang='lat' dir='ltr'><em>plebi</em></span> <span class='ocrx_word' id='word_1_49' title='bbox 785 1408 1002 1493; x_wconf 79' lang='lat' dir='ltr'><em>patribusque,</em></span> <span class='ocrx_word' id='word_1_50' title='bbox 1020 1421 1188 1493; x_wconf 74' lang='lat' dir='ltr'><em>postquam</em></span> <span class='ocrx_word' id='word_1_51' title='bbox 1211 1404 1393 1484; x_wconf 78' lang='lat' dir='ltr'><em>decesserat,</em></span> 
     </span>
    </p>
   </div>
   <div class='ocr_carea' id='block_1_5' title="bbox 277 1514 1393 1926">
    <p class='ocr_par' dir='ltr' id='par_1_5' title="bbox 365 1514 1393 1600">
     <span class='ocr_line' id='line_1_9' title="bbox 365 1514 1393 1600; baseline -0.006 -18"><span class='ocrx_word' id='word_1_52' title='bbox 365 1518 458 1582; x_wconf 66' lang='lat' dir='ltr'><em>iurato</em></span> <span class='ocrx_word' id='word_1_53' title='bbox 486 1540 593 1581; x_wconf 80' lang='lat' dir='ltr'><em>cauus.</em></span> <span class='ocrx_word' id='word_1_54' title='bbox 644 1516 694 1597; x_wconf 90' lang='grc'><em>85,</em></span> <span class='ocrx_word' id='word_1_55' title='bbox 719 1515 758 1579; x_wconf 92' lang='grc'><em>12</em></span> <span class='ocrx_word' id='word_1_56' title='bbox 796 1515 870 1591; x_wconf 83' lang='lat' dir='ltr'><em>sot&#39;o,</em></span> <span class='ocrx_word' id='word_1_57' title='bbox 905 1517 969 1600; x_wconf 85' lang='lat' dir='ltr'><em>qut‘,</em></span> <span class='ocrx_word' id='word_1_58' title='bbox 997 1529 1166 1600; x_wconf 88' lang='lat' dir='ltr'><em>postquam</em></span> <span class='ocrx_word' id='word_1_59' title='bbox 1195 1514 1282 1594; x_wconf 78' lang='lat' dir='ltr'><em>faeti</em></span> <span class='ocrx_word' id='word_1_60' title='bbox 1310 1524 1393 1590; x_wconf 83' lang='lat' dir='ltr'><em>sumt,</em></span> 
     </span>
    </p>

    <p class='ocr_par' dir='ltr' id='par_1_6' title="bbox 277 1621 1392 1926">
     <span class='ocr_line' id='line_1_10' title="bbox 277 1621 1392 1710; baseline 0 -26"><span class='ocrx_word' id='word_1_61' title='bbox 277 1679 280 1684; x_wconf 23' lang='lat' dir='ltr'><em>i</em></span> <span class='ocrx_word' id='word_1_62' title='bbox 367 1625 531 1710; x_wconf 77' lang='lat' dir='ltr'><em>cooperiat.</em></span> <span class='ocrx_word' id='word_1_63' title='bbox 576 1624 645 1704; x_wconf 86' lang='lat'>108,</span> <span class='ocrx_word' id='word_1_64' title='bbox 670 1624 685 1686; x_wconf 91' lang='lat'>1</span> <span class='ocrx_word' id='word_1_65' title='bbox 709 1623 829 1710; x_wconf 71' lang='lat' dir='ltr'><em>aquom,</em></span> <span class='ocrx_word' id='word_1_66' title='bbox 854 1624 1051 1708; x_wconf 80' lang='lat' dir='ltr'><em>praemissus</em></span> <span class='ocrx_word' id='word_1_67' title='bbox 1072 1647 1092 1686; x_wconf 92' lang='lat' dir='ltr'><em>a</em></span> <span class='ocrx_word' id='word_1_68' title='bbox 1113 1621 1278 1709; x_wconf 81' lang='lat' dir='ltr'><em>quurtha,</em></span> <span class='ocrx_word' id='word_1_69' title='bbox 1304 1633 1392 1707; x_wconf 90' lang='lat' dir='ltr'><em>post-</em></span> 
     </span>
     <span class='ocr_line' id='line_1_11' title="bbox 365 1729 1392 1818; baseline -0.006 -22"><span class='ocrx_word' id='word_1_70' title='bbox 365 1755 459 1817; x_wconf 88' lang='lat' dir='ltr'><em>quam</em></span> <span class='ocrx_word' id='word_1_71' title='bbox 488 1729 665 1796; x_wconf 82' lang='lat' dir='ltr'><em>audiuorut.</em></span> <span class='ocrx_word' id='word_1_72' title='bbox 719 1753 768 1815; x_wconf 91' lang='lat' dir='ltr'><em>ep.</em></span> <span class='ocrx_word' id='word_1_73' title='bbox 797 1729 899 1796; x_wconf 87' lang='lat' dir='ltr'><em>Mithr</em></span> <span class='ocrx_word' id='word_1_74' title='bbox 922 1732 958 1795; x_wconf 83' lang='grc'><em>17</em></span> <span class='ocrx_word' id='word_1_75' title='bbox 990 1757 1032 1795; x_wconf 82' lang='lat' dir='ltr'><em>aa</em></span> <span class='ocrx_word' id='word_1_76' title='bbox 1064 1732 1194 1818; x_wconf 78' lang='lat' dir='ltr'><em>iquouas</em></span> <span class='ocrx_word' id='word_1_77' title='bbox 1222 1730 1392 1808; x_wconf 78' lang='lat' dir='ltr'><em>Romanos,</em></span> 
     </span>
     <span class='ocr_line' id='line_1_12' title="bbox 363 1839 860 1926; baseline -0.006 -21"><span class='ocrx_word' id='word_1_78' title='bbox 363 1855 533 1926; x_wconf 92' lang='lat' dir='ltr'><em>postquam</em></span> <span class='ocrx_word' id='word_1_79' title='bbox 552 1839 641 1924; x_wconf 77' lang='lat' dir='ltr'><em>facit,</em></span> <span class='ocrx_word' id='word_1_80' title='bbox 664 1841 860 1904; x_wconf 77' lang='lat' dir='ltr'><em>oouosrttsso.</em></span> 
     </span>
    </p>
   </div>
   <div class='ocr_carea' id='block_1_6' title="bbox 296 1990 1260 2076">
    <p class='ocr_par' dir='ltr' id='par_1_7' title="bbox 296 1990 1260 2076">
     <span class='ocr_line' id='line_1_13' title="bbox 296 1990 1260 2076; baseline -0.002 -20"><span class='ocrx_word' id='word_1_81' title='bbox 296 1991 339 2056; x_wconf 93' lang='lat' dir='ltr'><em>H.</em></span> <span class='ocrx_word' id='word_1_82' title='bbox 369 1992 458 2056; x_wconf 91' lang='lat' dir='ltr'><em>Duo</em></span> <span class='ocrx_word' id='word_1_83' title='bbox 479 1991 560 2054; x_wconf 89' lang='lat' dir='ltr'><em>loci</em></span> <span class='ocrx_word' id='word_1_84' title='bbox 582 1992 768 2076; x_wconf 82' lang='lat' dir='ltr'><em>corrupti</em></span> <span class='ocrx_word' id='word_1_85' title='bbox 789 2001 908 2056; x_wconf 88' lang='lat' dir='ltr'><em>sunt:</em></span> <span class='ocrx_word' id='word_1_86' title='bbox 930 1991 1001 2076; x_wconf 90' lang='lat' dir='ltr'><em>Iug.</em></span> <span class='ocrx_word' id='word_1_87' title='bbox 1024 1991 1074 2069; x_wconf 84' lang='lat'><em>92,</em></span> <span class='ocrx_word' id='word_1_88' title='bbox 1099 1992 1126 2054; x_wconf 91' lang='lat'><em>1.</em></span> <span class='ocrx_word' id='word_1_89' title='bbox 1158 1990 1209 2074; x_wconf 87' lang='grc'><em>93,</em></span> <span class='ocrx_word' id='word_1_90' title='bbox 1231 1990 1260 2054; x_wconf 91' lang='lat'><em>3.</em></span> 
     </span>
    </p>
   </div>
   <div class='ocr_carea' id='block_1_7' title="bbox 310 2106 1393 4133">
    <p class='ocr_par' dir='ltr' id='par_1_8' title="bbox 310 2106 1393 4133">
     <span class='ocr_line' id='line_1_14' title="bbox 380 2106 836 2173; baseline 0 -1"><span class='ocrx_word' id='word_1_91' title='bbox 380 2108 442 2173; x_wconf 91' lang='lat' dir='ltr'><em>His</em></span> <span class='ocrx_word' id='word_1_92' title='bbox 463 2108 543 2172; x_wconf 91' lang='lat' dir='ltr'><em>haec</em></span> <span class='ocrx_word' id='word_1_93' title='bbox 564 2106 712 2172; x_wconf 88' lang='lat' dir='ltr'><em>addenda</em></span> <span class='ocrx_word' id='word_1_94' title='bbox 733 2119 808 2172; x_wconf 87' lang='lat' dir='ltr'><em>sunt</em></span> <span class='ocrx_word' id='word_1_95' title='bbox 829 2133 836 2172; x_wconf 91' lang='lat'>:</span> 
     </span>
     <span class='ocr_line' id='line_1_15' title="bbox 380 2214 1392 2300; baseline -0.001 -21"><span class='ocrx_word' id='word_1_96' title='bbox 380 2216 411 2300; x_wconf 85' lang='lat'><em>1)</em></span> <span class='ocrx_word' id='word_1_97' title='bbox 438 2215 592 2280; x_wconf 88' lang='lat' dir='ltr'><em>habemus</em></span> <span class='ocrx_word' id='word_1_98' title='bbox 627 2217 660 2279; x_wconf 92' lang='lat' dir='ltr'><em>in</em></span> <span class='ocrx_word' id='word_1_99' title='bbox 699 2217 871 2281; x_wconf 83' lang='lat' dir='ltr'><em>enuntiatis</em></span> <span class='ocrx_word' id='word_1_100' title='bbox 905 2214 1100 2279; x_wconf 82' lang='lat' dir='ltr'><em>secundariis</em></span> <span class='ocrx_word' id='word_1_101' title='bbox 1141 2215 1299 2280; x_wconf 81' lang='lat' dir='ltr'><em>Catilinae</em></span> <span class='ocrx_word' id='word_1_102' title='bbox 1335 2237 1392 2278; x_wconf 92' lang='lat' dir='ltr'><em>un-</em></span> 
     </span>
     <span class='ocr_line' id='line_1_16' title="bbox 310 2321 1391 2409; baseline 0 -22"><span class='ocrx_word' id='word_1_103' title='bbox 310 2362 313 2368; x_wconf 95' lang='lat'>·</span> <span class='ocrx_word' id='word_1_104' title='bbox 437 2322 593 2408; x_wconf 86' lang='lat' dir='ltr'><em>deviginti</em></span> <span class='ocrx_word' id='word_1_105' title='bbox 635 2323 797 2409; x_wconf 82' lang='lat' dir='ltr'><em>perfecta,</em></span> <span class='ocrx_word' id='word_1_106' title='bbox 846 2321 902 2388; x_wconf 90' lang='lat' dir='ltr'><em>sed</em></span> <span class='ocrx_word' id='word_1_107' title='bbox 946 2333 1097 2408; x_wconf 90' lang='lat' dir='ltr'><em>quattuor</em></span> <span class='ocrx_word' id='word_1_108' title='bbox 1135 2332 1262 2388; x_wconf 89' lang='lat' dir='ltr'><em>tantum</em></span> <span class='ocrx_word' id='word_1_109' title='bbox 1302 2345 1391 2407; x_wconf 89' lang='lat' dir='ltr'><em>prae·</em></span> 
     </span>
     <span class='ocr_line' id='line_1_17' title="bbox 435 2429 1391 2517; baseline -0.002 -23"><span class='ocrx_word' id='word_1_110' title='bbox 435 2432 539 2496; x_wconf 89' lang='lat' dir='ltr'><em>sentia</em></span> <span class='ocrx_word' id='word_1_111' title='bbox 570 2431 738 2515; x_wconf 84' lang='lat' dir='ltr'><em>historica,</em></span> <span class='ocrx_word' id='word_1_112' title='bbox 772 2452 854 2517; x_wconf 91' lang='lat' dir='ltr'><em>quae</em></span> <span class='ocrx_word' id='word_1_113' title='bbox 891 2433 997 2496; x_wconf 92' lang='lat' dir='ltr'><em>omnia</em></span> <span class='ocrx_word' id='word_1_114' title='bbox 1026 2431 1117 2497; x_wconf 84' lang='lat' dir='ltr'><em>verbi</em></span> <span class='ocrx_word' id='word_1_115' title='bbox 1148 2441 1223 2496; x_wconf 89' lang='lat' dir='ltr'><em>sunt</em></span> <span class='ocrx_word' id='word_1_116' title='bbox 1252 2429 1391 2495; x_wconf 88' lang='lat' dir='ltr'><em>videndi.</em></span> 
     </span>
     <span class='ocr_line' id='line_1_18' title="bbox 438 2537 1392 2624; baseline 0 -22"><span class='ocrx_word' id='word_1_117' title='bbox 438 2538 623 2624; x_wconf 84' lang='lat' dir='ltr'><em>(postquam</em></span> <span class='ocrx_word' id='word_1_118' title='bbox 645 2537 755 2622; x_wconf 78' lang='lat' dir='ltr'><em>uidet),</em></span> <span class='ocrx_word' id='word_1_119' title='bbox 788 2547 901 2602; x_wconf 89' lang='lat' dir='ltr'><em>contra</em></span> <span class='ocrx_word' id='word_1_120' title='bbox 929 2539 962 2602; x_wconf 94' lang='lat' dir='ltr'><em>in</em></span> <span class='ocrx_word' id='word_1_121' title='bbox 993 2540 1166 2604; x_wconf 81' lang='lat' dir='ltr'><em>enuntiatis</em></span> <span class='ocrx_word' id='word_1_122' title='bbox 1197 2538 1392 2604; x_wconf 80' lang='lat' dir='ltr'><em>secundariis</em></span> 
     </span>
     <span class='ocr_line' id='line_1_19' title="bbox 436 2645 1391 2732; baseline 0.002 -22"><span class='ocrx_word' id='word_1_123' title='bbox 436 2645 511 2710; x_wconf 94' lang='lat' dir='ltr'><em>belli</em></span> <span class='ocrx_word' id='word_1_124' title='bbox 532 2645 716 2731; x_wconf 85' lang='lat' dir='ltr'><em>Iugurthini</em></span> <span class='ocrx_word' id='word_1_125' title='bbox 745 2647 951 2712; x_wconf 88' lang='lat' dir='ltr'><em>inveniuntur</em></span> <span class='ocrx_word' id='word_1_126' title='bbox 979 2648 1114 2732; x_wconf 83' lang='lat' dir='ltr'><em>triginta</em></span> <span class='ocrx_word' id='word_1_127' title='bbox 1145 2646 1207 2711; x_wconf 93' lang='lat' dir='ltr'><em>duo</em></span> <span class='ocrx_word' id='word_1_128' title='bbox 1239 2645 1391 2732; x_wconf 88' lang='lat' dir='ltr'><em>perfecta,</em></span> 
     </span>
     <span class='ocr_line' id='line_1_20' title="bbox 438 2745 1392 2840; baseline 0.001 -23"><span class='ocrx_word' id='word_1_129' title='bbox 438 2752 618 2839; x_wconf 87' lang='lat' dir='ltr'><em>quindecim</em></span> <span class='ocrx_word' id='word_1_130' title='bbox 647 2745 830 2839; x_wconf 89' lang='lat' dir='ltr'><em>praesentia</em></span> <span class='ocrx_word' id='word_1_131' title='bbox 858 2753 1011 2819; x_wconf 89' lang='lat' dir='ltr'><em>historica</em></span> <span class='ocrx_word' id='word_1_132' title='bbox 1039 2776 1173 2840; x_wconf 89' lang='lat' dir='ltr'><em>quorum</em></span> <span class='ocrx_word' id='word_1_133' title='bbox 1204 2756 1392 2839; x_wconf 88' lang='lat' dir='ltr'><em>praesertim</em></span> 
     </span>
     <span class='ocr_line' id='line_1_21' title="bbox 436 2862 1391 2949; baseline -0.001 -24"><span class='ocrx_word' id='word_1_134' title='bbox 436 2862 590 2926; x_wconf 90' lang='lat' dir='ltr'><em>nonnulla</em></span> <span class='ocrx_word' id='word_1_135' title='bbox 617 2862 752 2926; x_wconf 91' lang='lat' dir='ltr'><em>aliorum</em></span> <span class='ocrx_word' id='word_1_136' title='bbox 782 2863 879 2927; x_wconf 89' lang='lat' dir='ltr'><em>etiam</em></span> <span class='ocrx_word' id='word_1_137' title='bbox 900 2862 1071 2928; x_wconf 91' lang='lat' dir='ltr'><em>verborum</em></span> <span class='ocrx_word' id='word_1_138' title='bbox 1102 2873 1178 2928; x_wconf 88' lang='lat' dir='ltr'><em>sunt</em></span> <span class='ocrx_word' id='word_1_139' title='bbox 1210 2863 1391 2949; x_wconf 90' lang='lat' dir='ltr'><em>(postquam</em></span> 
     </span>
     <span class='ocr_line' id='line_1_22' title="bbox 437 2968 1391 3055; baseline 0.003 -23"><span class='ocrx_word' id='word_1_140' title='bbox 437 2968 542 3033; x_wconf 79' lang='lat' dir='ltr'><em>videt:</em></span> <span class='ocrx_word' id='word_1_141' title='bbox 571 2969 643 3055; x_wconf 92' lang='lat' dir='ltr'><em>Iug.</em></span> <span class='ocrx_word' id='word_1_142' title='bbox 668 2971 715 3035; x_wconf 89' lang='grc'><em>15.</em></span> <span class='ocrx_word' id='word_1_143' title='bbox 737 2971 787 3036; x_wconf 91' lang='grc'><em>20.</em></span> <span class='ocrx_word' id='word_1_144' title='bbox 809 2971 851 3036; x_wconf 91' lang='grc'><em>53</em></span> <span class='ocrx_word' id='word_1_145' title='bbox 872 2969 987 3035; x_wconf 82' lang='lat' dir='ltr'><em>uideat.</em></span> <span class='ocrx_word' id='word_1_146' title='bbox 1017 2971 1066 3039; x_wconf 91' lang='grc'><strong>61.</strong></span> <span class='ocrx_word' id='word_1_147' title='bbox 1100 2971 1150 3036; x_wconf 84' lang='grc'><em>76.</em></span> <span class='ocrx_word' id='word_1_148' title='bbox 1179 2970 1295 3035; x_wconf 79' lang='lat' dir='ltr'><em>videat.</em></span> <span class='ocrx_word' id='word_1_149' title='bbox 1327 2970 1391 3055; x_wconf 87' lang='lat'>86).</span> 
     </span>
     <span class='ocr_line' id='line_1_23' title="bbox 437 3077 1391 3164; baseline 0 -20"><span class='ocrx_word' id='word_1_150' title='bbox 437 3077 542 3144; x_wconf 83' lang='lat' dir='ltr'><em>Simili</em></span> <span class='ocrx_word' id='word_1_151' title='bbox 562 3078 687 3143; x_wconf 90' lang='lat' dir='ltr'><em>ratione</em></span> <span class='ocrx_word' id='word_1_152' title='bbox 708 3078 863 3144; x_wconf 89' lang='lat' dir='ltr'><em>habemus</em></span> <span class='ocrx_word' id='word_1_153' title='bbox 882 3081 915 3144; x_wconf 94' lang='lat' dir='ltr'><em>in</em></span> <span class='ocrx_word' id='word_1_154' title='bbox 935 3081 1107 3144; x_wconf 85' lang='lat' dir='ltr'><em>enuntiatis</em></span> <span class='ocrx_word' id='word_1_155' title='bbox 1127 3080 1286 3164; x_wconf 85' lang='lat' dir='ltr'><em>primariis</em></span> <span class='ocrx_word' id='word_1_156' title='bbox 1306 3079 1391 3144; x_wconf 76' lang='lat' dir='ltr'><em>Osti-</em></span> 
     </span>
     <span class='ocr_line' id='line_1_24' title="bbox 436 3184 1392 3273; baseline 0.004 -25"><span class='ocrx_word' id='word_1_157' title='bbox 436 3185 521 3249; x_wconf 86' lang='lat' dir='ltr'><em>linae</em></span> <span class='ocrx_word' id='word_1_158' title='bbox 542 3184 710 3260; x_wconf 87' lang='lat' dir='ltr'><em>duodecim</em></span> <span class='ocrx_word' id='word_1_159' title='bbox 739 3187 900 3272; x_wconf 87' lang='lat' dir='ltr'><em>perfecta‚</em></span> <span class='ocrx_word' id='word_1_160' title='bbox 932 3210 989 3251; x_wconf 88' lang='lat' dir='ltr'><em>sex</em></span> <span class='ocrx_word' id='word_1_161' title='bbox 1018 3189 1200 3273; x_wconf 87' lang='lat' dir='ltr'><em>praesentia</em></span> <span class='ocrx_word' id='word_1_162' title='bbox 1230 3185 1392 3272; x_wconf 89' lang='lat' dir='ltr'><em>historica,</em></span> 
     </span>
     <span class='ocr_line' id='line_1_25' title="bbox 437 3294 1392 3380; baseline 0.005 -24"><span class='ocrx_word' id='word_1_163' title='bbox 437 3303 550 3357; x_wconf 90' lang='lat' dir='ltr'><em>contra</em></span> <span class='ocrx_word' id='word_1_164' title='bbox 579 3294 613 3356; x_wconf 93' lang='lat' dir='ltr'><em>in</em></span> <span class='ocrx_word' id='word_1_165' title='bbox 645 3295 818 3360; x_wconf 87' lang='lat' dir='ltr'><em>enuntiatis</em></span> <span class='ocrx_word' id='word_1_166' title='bbox 848 3296 1008 3379; x_wconf 88' lang='lat' dir='ltr'><em>primariis</em></span> <span class='ocrx_word' id='word_1_167' title='bbox 1039 3295 1114 3360; x_wconf 90' lang='lat' dir='ltr'><em>belli</em></span> <span class='ocrx_word' id='word_1_168' title='bbox 1135 3295 1318 3380; x_wconf 87' lang='lat' dir='ltr'><em>Iugurthini</em></span> <span class='ocrx_word' id='word_1_169' title='bbox 1345 3318 1392 3361; x_wconf 88' lang='lat' dir='ltr'><em>se·</em></span> 
     </span>
     <span class='ocr_line' id='line_1_26' title="bbox 440 3398 1391 3490; baseline 0.005 -27"><span class='ocrx_word' id='word_1_170' title='bbox 440 3398 543 3465; x_wconf 89' lang='lat' dir='ltr'><em>decim</em></span> <span class='ocrx_word' id='word_1_171' title='bbox 564 3399 718 3486; x_wconf 85' lang='lat' dir='ltr'><em>perfecta,</em></span> <span class='ocrx_word' id='word_1_172' title='bbox 740 3403 857 3486; x_wconf 89' lang='lat' dir='ltr'><em>viginti</em></span> <span class='ocrx_word' id='word_1_173' title='bbox 868 3425 945 3468; x_wconf 88' lang='lat' dir='ltr'><em>vero</em></span> <span class='ocrx_word' id='word_1_174' title='bbox 964 3413 1086 3489; x_wconf 89' lang='lat' dir='ltr'><em>septem</em></span> <span class='ocrx_word' id='word_1_175' title='bbox 1098 3405 1280 3490; x_wconf 89' lang='lat' dir='ltr'><em>praesentia</em></span> <span class='ocrx_word' id='word_1_176' title='bbox 1294 3404 1391 3468; x_wconf 89' lang='lat' dir='ltr'><em>histo·</em></span> 
     </span>
     <span class='ocr_line' id='line_1_27' title="bbox 437 3507 1393 3597; baseline 0.006 -25"><span class='ocrx_word' id='word_1_177' title='bbox 437 3509 512 3572; x_wconf 87' lang='lat' dir='ltr'><em>rica.</em></span> <span class='ocrx_word' id='word_1_178' title='bbox 554 3507 710 3574; x_wconf 89' lang='lat' dir='ltr'><em>Videmus</em></span> <span class='ocrx_word' id='word_1_179' title='bbox 732 3511 831 3595; x_wconf 86' lang='lat' dir='ltr'><em>igitur</em></span> <span class='ocrx_word' id='word_1_180' title='bbox 860 3511 894 3575; x_wconf 93' lang='lat' dir='ltr'><em>in</em></span> <span class='ocrx_word' id='word_1_181' title='bbox 923 3511 986 3580; x_wconf 81' lang='lat' dir='ltr'><em>hoc.</em></span> <span class='ocrx_word' id='word_1_182' title='bbox 1016 3513 1253 3577; x_wconf 88' lang='lat' dir='ltr'><em>enuntiatorum</em></span> <span class='ocrx_word' id='word_1_183' title='bbox 1274 3534 1393 3597; x_wconf 84' lang='lat' dir='ltr'><em>genere</em></span> 
     </span>
     <span class='ocr_line' id='line_1_28' title="bbox 438 3615 1391 3701; baseline 0.006 -22"><span class='ocrx_word' id='word_1_184' title='bbox 438 3615 512 3680; x_wconf 92' lang='lat' dir='ltr'><em>belli</em></span> <span class='ocrx_word' id='word_1_185' title='bbox 542 3615 725 3701; x_wconf 85' lang='lat' dir='ltr'><em>Iugurthini</em></span> <span class='ocrx_word' id='word_1_186' title='bbox 763 3619 974 3684; x_wconf 86' lang='lat' dir='ltr'><em>elocutionem</em></span> <span class='ocrx_word' id='word_1_187' title='bbox 1004 3621 1191 3685; x_wconf 86' lang='lat' dir='ltr'><em>alacriorem</em></span> <span class='ocrx_word' id='word_1_188' title='bbox 1221 3644 1291 3686; x_wconf 89' lang='lat' dir='ltr'><em>esse</em></span> <span class='ocrx_word' id='word_1_189' title='bbox 1329 3621 1391 3687; x_wconf 91' lang='lat' dir='ltr'><em>elo-</em></span> 
     </span>
     <span class='ocr_line' id='line_1_29' title="bbox 311 3723 1393 3813; baseline 0.008 -28"><span class='ocrx_word' id='word_1_190' title='bbox 311 3749 313 3756; x_wconf 47' lang='lat'><em>*</em></span> <span class='ocrx_word' id='word_1_191' title='bbox 347 3755 349 3762; x_wconf 56' lang='lat'>&gt;</span> <span class='ocrx_word' id='word_1_192' title='bbox 438 3724 565 3788; x_wconf 87' lang='lat' dir='ltr'><em>cutione</em></span> <span class='ocrx_word' id='word_1_193' title='bbox 598 3723 764 3800; x_wconf 82' lang='lat' dir='ltr'><em>Catilinae.</em></span> <span class='ocrx_word' id='word_1_194' title='bbox 817 3725 890 3790; x_wconf 87' lang='lat' dir='ltr'><em>Hoc</em></span> <span class='ocrx_word' id='word_1_195' title='bbox 919 3748 1045 3813; x_wconf 89' lang='lat' dir='ltr'><em>quoque</em></span> <span class='ocrx_word' id='word_1_196' title='bbox 1075 3727 1314 3793; x_wconf 89' lang='lat' dir='ltr'><em>concedendum</em></span> <span class='ocrx_word' id='word_1_197' title='bbox 1343 3740 1393 3794; x_wconf 91' lang='lat' dir='ltr'><em>est</em></span> 
     </span>
     <span class='ocr_line' id='line_1_30' title="bbox 436 3830 1391 3919; baseline 0.008 -25"><span class='ocrx_word' id='word_1_198' title='bbox 436 3832 471 3894; x_wconf 88' lang='lat' dir='ltr'><em>in</em></span> <span class='ocrx_word' id='word_1_199' title='bbox 506 3830 590 3896; x_wconf 88' lang='lat' dir='ltr'><em>bollo</em></span> <span class='ocrx_word' id='word_1_200' title='bbox 629 3831 820 3916; x_wconf 88' lang='lat' dir='ltr'><em>Iugurthino</em></span> <span class='ocrx_word' id='word_1_201' title='bbox 860 3844 1039 3919; x_wconf 86' lang='lat' dir='ltr'><em>temporum</em></span> <span class='ocrx_word' id='word_1_202' title='bbox 1071 3837 1228 3901; x_wconf 86' lang='lat' dir='ltr'><em>rationem</em></span> <span class='ocrx_word' id='word_1_203' title='bbox 1261 3838 1391 3902; x_wconf 87' lang='lat' dir='ltr'><em>maioris</em></span> 
     </span>
     <span class='ocr_line' id='line_1_31' title="bbox 439 3939 1035 4026; baseline 0.005 -23"><span class='ocrx_word' id='word_1_204' title='bbox 439 3960 509 4004; x_wconf 90' lang='lat' dir='ltr'><em>esse</em></span> <span class='ocrx_word' id='word_1_205' title='bbox 529 3939 694 4004; x_wconf 84' lang='lat' dir='ltr'><em>varietatis</em></span> <span class='ocrx_word' id='word_1_206' title='bbox 716 3962 812 4026; x_wconf 91' lang='lat' dir='ltr'><em>quam</em></span> <span class='ocrx_word' id='word_1_207' title='bbox 833 3943 866 4006; x_wconf 92' lang='lat' dir='ltr'><em>in</em></span> <span class='ocrx_word' id='word_1_208' title='bbox 888 3942 1035 4008; x_wconf 82' lang='lat' dir='ltr'><em>Catilina.</em></span> 
     </span>
     <span class='ocr_line' id='line_1_32' title="bbox 379 4045 1390 4133; baseline 0.005 -21"><span class='ocrx_word' id='word_1_209' title='bbox 379 4045 413 4128; x_wconf 86' lang='grc'><em>2)</em></span> <span class='ocrx_word' id='word_1_210' title='bbox 442 4046 499 4110; x_wconf 87' lang='lat' dir='ltr'><em>sod</em></span> <span class='ocrx_word' id='word_1_211' title='bbox 509 4059 680 4133; x_wconf 90' lang='lat' dir='ltr'><em>postquam</em></span> <span class='ocrx_word' id='word_1_212' title='bbox 693 4049 832 4132; x_wconf 86' lang='lat' dir='ltr'><em>legimus·</em></span> <span class='ocrx_word' id='word_1_213' title='bbox 851 4049 921 4115; x_wconf 76' lang='lat' dir='ltr'><em>Ost.</em></span> <span class='ocrx_word' id='word_1_214' title='bbox 944 4050 1057 4115; x_wconf 78' lang='grc'><strong>1139.</strong></span> <span class='ocrx_word' id='word_1_215' title='bbox 1075 4051 1126 4115; x_wconf 89' lang='grc'><em>51.</em></span> <span class='ocrx_word' id='word_1_216' title='bbox 1144 4052 1193 4117; x_wconf 87' lang='grc'><em>53.</em></span> <span class='ocrx_word' id='word_1_217' title='bbox 1211 4053 1261 4117; x_wconf 90' lang='grc'><em>56.</em></span> <span class='ocrx_word' id='word_1_218' title='bbox 1275 4053 1316 4116; x_wconf 79' lang='grc'><em>57</em></span> <span class='ocrx_word' id='word_1_219' title='bbox 1331 4051 1390 4117; x_wconf 90' lang='lat' dir='ltr'><em>bis.</em></span> 
     </span>
    </p>
   </div>
   <div class='ocr_carea' id='block_1_8' title="bbox 438 4153 1392 4350">
    <p class='ocr_par' dir='ltr' id='par_1_9' title="bbox 438 4153 1392 4350">
     <span class='ocr_line' id='line_1_33' title="bbox 439 4153 1391 4246; baseline 0.008 -28"><span class='ocrx_word' id='word_1_220' title='bbox 439 4154 493 4239; x_wconf 87' lang='grc'><em>(35</em></span> <span class='ocrx_word' id='word_1_221' title='bbox 514 4158 607 4240; x_wconf 86' lang='lat' dir='ltr'><em>pgg.)</em></span> <span class='ocrx_word' id='word_1_222' title='bbox 648 4153 720 4240; x_wconf 84' lang='lat' dir='ltr'><em>Iug.</em></span> <span class='ocrx_word' id='word_1_223' title='bbox 742 4157 771 4220; x_wconf 89' lang='grc'><em>8.</em></span> <span class='ocrx_word' id='word_1_224' title='bbox 803 4157 851 4222; x_wconf 88' lang='grc'><em>18.</em></span> <span class='ocrx_word' id='word_1_225' title='bbox 880 4158 931 4223; x_wconf 91' lang='grc'><em>21.</em></span> <span class='ocrx_word' id='word_1_226' title='bbox 963 4158 1013 4222; x_wconf 87' lang='grc'><em>35.</em></span> <span class='ocrx_word' id='word_1_227' title='bbox 1040 4158 1183 4223; x_wconf 86' lang='lat'><em>36.114.</em></span> <span class='ocrx_word' id='word_1_228' title='bbox 1221 4159 1277 4244; x_wconf 81' lang='lat'><em>(70</em></span> <span class='ocrx_word' id='word_1_229' title='bbox 1297 4161 1391 4246; x_wconf 89' lang='lat' dir='ltr'><em>pgg.)</em></span> 
     </span>
     <span class='ocr_line' id='line_1_34' title="bbox 438 4263 1392 4350; baseline 0.006 -24"><span class='ocrx_word' id='word_1_230' title='bbox 438 4287 513 4326; x_wconf 85' lang='lat' dir='ltr'><em>uam</em></span> <span class='ocrx_word' id='word_1_231' title='bbox 543 4275 710 4349; x_wconf 88' lang='lat' dir='ltr'><em>postquam</em></span> <span class='ocrx_word' id='word_1_232' title='bbox 740 4263 811 4330; x_wconf 80' lang='lat' dir='ltr'><em>Ost.</em></span> <span class='ocrx_word' id='word_1_233' title='bbox 839 4264 889 4330; x_wconf 83' lang='lat'><em>38.</em></span> <span class='ocrx_word' id='word_1_234' title='bbox 935 4264 1007 4350; x_wconf 90' lang='lat' dir='ltr'><em>lug.</em></span> <span class='ocrx_word' id='word_1_235' title='bbox 1029 4265 1079 4330; x_wconf 86' lang='lat'><em>42.</em></span> <span class='ocrx_word' id='word_1_236' title='bbox 1101 4266 1151 4330; x_wconf 88' lang='lat'><em>44.</em></span> <span class='ocrx_word' id='word_1_237' title='bbox 1174 4267 1224 4333; x_wconf 88' lang='grc'><em>84.</em></span> <span class='ocrx_word' id='word_1_238' title='bbox 1265 4268 1392 4334; x_wconf 75' lang='lat' dir='ltr'><em>iuterim</em></span> 
     </span>
    </p>
   </div>
   <div class='ocr_carea' id='block_1_9' title="bbox 0 0 1586 5088">
    <p class='ocr_par' dir='ltr' id='par_1_10' title="bbox 0 0 1586 5088">
     <span class='ocr_line' id='line_1_35' title="bbox 0 0 1586 5088; baseline 0 0"><span class='ocrx_word' id='word_1_239' title='bbox 0 0 1586 5088; x_wconf 95' lang='lat' dir='ltr'><em> </em></span> 
     </span>
    </p>
   </div>
  </div>
 </body>
</html>
