3162 5088
760 457 821 544 'ro

342 680 484 748 Sallustii
514 679 692 765 temporum
723 681 804 746 ratio
846 702 905 766 pro
938 671 1141 765 'reliquiarum
1173 680 1348 764 exiguitate

261 789 338 852 satis
361 789 450 854 varia
472 797 537 872 est,
568 797 674 854 tamen
702 790 735 852 in
763 788 846 853 bello
875 786 1067 872 Iugurthino
1089 788 1226 879 varietas
1247 789 1348 851 maior

261 907 309 962 est
330 919 426 984 quam
446 898 479 960 in
501 896 640 963 Catilina
661 897 826 982 omnisque
847 895 981 960 elocutio
1004 894 1163 980 frequenti
1180 917 1241 960 usu
1257 917 1347 982 prae-

261 1007 360 1070 sentis
382 1005 524 1069 historici
544 979 692 1069 vicacior.

342 1113 395 1178 De
416 1115 572 1178 enuntiati
593 1113 772 1178 secundarii
795 1112 1000 1178 collocatione
1020 1109 1100 1174 haec
1119 1119 1260 1176 statuere
1274 1132 1347 1196 pos-

261 1243 378 1285 sumus.
420 1219 517 1308 Apud
547 1220 733 1288 Sallustium
761 1221 959 1284 enuntiatum
987 1218 1184 1303 aparticula
1211 1242 1279 1282 cum
1300 1219 1347 1282 in-

261 1329 379 1413 cipiens
401 1329 569 1394 duodecies
591 1329 730 1414 positum
751 1337 799 1392 est
829 1336 904 1391 ante
934 1327 1133 1391 enuntiatum
1163 1326 1347 1411 primarium

261 1435 347 1521 (Cat.
363 1437 390 1501 7.
412 1435 483 1521 Iug.
498 1438 528 1505 3.
552 1435 625 1500 hist.
647 1437 682 1520 2)
704 1436 857 1520 imprimis
879 1435 906 1498 si
928 1434 1147 1499 coniunctivus
1169 1434 1347 1520 imperfecti

259 1545 292 1607 in
315 1545 477 1608 enuntiato
505 1543 708 1620 secundario,
738 1542 928 1606 indicativus
957 1541 1091 1627 perfecti
1120 1542 1153 1604 in
1183 1543 1347 1606 enuntiato

260 1652 409 1737 primario
432 1661 489 1717 est.
524 1650 651 1734 Viginti
671 1651 811 1736 quinque
828 1650 906 1714 locis
929 1650 1071 1734 sequitur
1086 1650 1285 1713 enuntiatum
1299 1672 1347 1714 se-

260 1759 446 1823 cundarium
472 1760 631 1822 actionem
658 1758 843 1842 primariam
873 1755 958 1840 (Cat.
980 1757 1009 1820 3.
1044 1755 1116 1840 Iug'.
1140 1756 1187 1822 13.
1216 1757 1290 1823 hist.
1312 1758 1346 1842 9)

259 1867 413 1952 imprimis
435 1868 461 1930 si
481 1867 515 1930 in
536 1874 672 1951 utroque
693 1867 857 1930 enuntiato
879 1864 1069 1938 indicativus
1089 1866 1267 1950 praesentis
1289 1875 1346 1930 est.

260 1976 452 2055 Quindecies
471 1977 612 2061 positum
633 1986 681 2040 est
703 1976 902 2040 enuntiatum
916 1975 1137 2040 secundarium
1151 1976 1235 2040 inter
1249 1996 1347 2038 enun-

258 2085 329 2148 tiati
349 2084 491 2169 primarii
512 2093 620 2168 partes
641 2083 727 2167 (Oat.
744 2084 778 2148 ¹6.
807 2083 879 2168 lug.
902 2085 930 2148 7.
959 2082 1032 2148 hist.
1046 2083 1090 2165 2).
1132 2082 1228 2147 Hanc
1249 2105 1345 2147 enun-

259 2192 343 2255 tiati¹
362 2191 540 2256 secundarii
572 2192 812 2258 collocationem
845 2190 997 2268 habemus
1029 2192 1216 2276 praecipue,
1252 2192 1279 2254 si
1313 2191 1347 2255 in

259 2300 422 2364 enuntiato
443 2300 593 2384 primario
615 2321 766 2384 praesens
783 2299 978 2380 historicum,
1004 2299 1037 2361 in
1057 2299 1220 2362 enuntiato
1236 2320 1345 2363 secun-

259 2405 347 2470 dario
370 2407 588 2470 coniunctivus
610 2408 788 2492 imperfecti
810 2416 868 2470 est.

338 2512 378 2577 In
402 2514 572 2578 enuntiatis
594 2536 614 2578 a
634 2515 791 2600 particula
808 2527 974 2600 postquam
1004 2511 1229 2598 incipientibus
1249 2511 1346 2576 habe-

257 2643 328 2686 mus
364 2621 449 2707 apud
478 2620 665 2688 Sallustium
700 2634 864 2708 nunquam
894 2622 1093 2686 enuntiatum
1125 2619 1346 2684 secundarium

258 2728 446 2793 collocatum
466 2738 540 2815 post
561 2730 759 2794 enuntiatum
774 2729 975 2814 primarium3
998 2729 1031 2792 in
1047 2727 1186 2792 Catilina
1206 2728 1346 2812 positum

258 2845 307 2901 est
327 2836 509 2900 undevicies
532 2845 607 2901 ante
628 2839 827 2902 enuntiatum
847 2837 1042 2922 primarium,
1074 2835 1241 2921 quinquies
1262 2835 1346 2898 inter

258 2945 414 3008 enuntiati
435 2945 577 3029 primarii
597 2954 715 3029 partes,
737 2946 770 3008 in
784 2943 942 3029 Iugurtha
962 2945 1065 3008 sexies
1087 2949 1119 3008 et
1138 2943 1236 3007 vicies
1258 2951 1345 3006 ante-

259 3050 352 3135 cedit,
375 3053 493 3136 septies
515 3061 547 3116 et
566 3053 664 3116 vicies
688 3053 842 3116 enuntiati
856 3052 999 3137 primarii
1013 3049 1158 3136 partibus
1179 3059 1228 3115 est
1248 3049 1343 3114 inter-

257 3161 405 3245 positum.

339 3266 500 3333 Numerus
529 3267 765 3332 enuntiatorum
791 3289 811 3330 a
840 3266 996 3352 particula
1023 3265 1098 3330 darn
1127 3266 1345 3352 incipientium

257 3376 303 3440 ita
324 3397 441 3460 parvus
463 3385 521 3459 est,
552 3385 589 3441 ut
611 3375 872 3440 consuetudinem
902 3377 1067 3439 enuntiata
1088 3373 1263 3439 collocandi
1288 3375 1345 3438 vix

257 3504 424 3568 agnoscas.
466 3483 506 3548 In
528 3483 700 3548 enuntiatis
721 3505 741 3546 a
760 3483 917 3569 particula
937 3483 993 3547 abi
1011 3482 1235 3568 incipientibus
1249 3483 1345 3565 longe

257 3591 422 3674 praevalet
441 3613 516 3655 usus
538 3592 739 3655 enuntiatum
759 3590 982 3655 secundarium
1003 3588 1226 3677 interponendi
1247 3589 1343 3677 parti·

259 3695 318 3761 bus
340 3699 496 3762 enuntiati
516 3699 667 3784 primarii.

340 3804 437 3892 Apud
451 3804 609 3870 Velleium
626 3806 830 3870 Paterculum
844 3807 1067 3892 interpositum
1082 3816 1131 3872 est
1146 3807 1345 3871 enuntiatum

258 3912 478 3978 secundarium
507 3913 671 3978 enuntiato
700 3915 851 3999 primario
881 3915 1020 3978 maxime
1054 3915 1080 3977 si
1113 3915 1146 3976 in
1181 3916 1344 3979 enuntiato

258 4020 444 4086 secundario
466 4023 686 4086 coniunctivus
707 4020 885 4106 imperfecti
899 4023 951 4086 vel
969 4022 1271 4107 plusquamperfecti
1285 4033 1343 4087 est.

340 4127 437 4214 Apud
460 4129 610 4193 Tacitum
630 4128 793 4214 praevalet
814 4129 979 4193 collocatio
999 4132 1020 4209 β
1049 4130 1082 4191 in
1103 4139 1211 4194 enunt.
1233 4151 1253 4194 a
1273 4151 1342 4215 par·

258 4237 356 4302 tioula
369 4259 438 4302 cona
459 4235 692 4321 incipientibus,
714 4237 742 4300 si
762 4237 795 4300 in
816 4238 979 4301 enuntiato
994 4237 1143 4324 primario
1158 4237 1344 4323 perfectum,
