3162 5088
668 539 709 610 33

218 769 247 811 a.
283 767 357 810 ann.
386 745 477 810 IV4
509 769 584 811 nam
616 746 760 830 Drusus,
800 769 989 832 quamquam
1026 746 1161 810 arduum
1194 743 1235 810 sit

284 853 388 920 eodem
419 854 485 920 loci
506 855 681 940 potentiam
709 867 738 920 et
766 853 967 919 concordiam
1003 877 1082 934 esse,
1115 879 1233 941 aequus

283 961 533 1028 adulescentibus
555 977 610 1028 aut
631 977 710 1028 certe
732 985 796 1028 non
817 961 971 1027 aduersus
991 962 1170 1027 habebatur.

216 1069 247 1134 b.
284 1070 326 1136 G.
348 1071 389 1135 28
412 1095 450 1136 aa
472 1095 509 1136 ne
529 1071 611 1153 Ubii,
634 1094 826 1157 quamquam
846 1071 1023 1150 meruerint,
1043 1071 1231 1136 erubescunt.

284 1178 364 1262 Agr.
385 1179 415 1262 3,
437 1179 527 1243 3-7.
560 1179 609 1261 13,
630 1177 659 1243 5.
682 1178 711 1242 6.
754 1178 828 1243 hist.
851 1177 904 1241 HI
925 1177 975 1261 22,
997 1177 1026 1241 6.
1049 1179 1077 1244 l.

217 1308 243 1349 c.
286 1307 360 1350 ann.
382 1284 449 1350 XV
467 1287 508 1351 52
530 1287 639 1351 etenim
658 1309 769 1372 erepere
785 1287 1014 1350 coniurationis
1028 1299 1105 1369 erat,
1123 1310 1229 1371 quam-

283 1397 331 1460 uis
353 1393 535 1480 expleuerit.

217 1503 247 1568 d.
284 1503 394 1569 Germ.
409 1503 449 1568 29
471 1528 533 1568 non
555 1504 794 1581 numeraverim,
816 1526 1006 1589 quamquam
1022 1500 1227 1566 consederint.

217 1633 244 1675 e.
282 1633 355 1676 ann.
377 1611 427 1676 VI
448 1613 489 1677 bl
517 1612 586 1696 (51)
613 1625 706 1696 pater
735 1614 767 1675 ei
790 1611 875 1674 Nero
903 1624 931 1675 et
958 1611 1113 1695 utrimque
1142 1609 1229 1696 oripo

279 1719 382 1806 pentir
406 1717 572 1803 Claudiae,
594 1742 785 1805 quamquam
806 1719 978 1782 transierit.

216 1827 257 1892 In
283 1827 463 1893 modalibus
495 1849 622 1913 quoquc
653 1827 826 1891 enuntiatis
855 1827 1019 1911 praevalet
1045 1826 1128 1889 ratio
1149 1835 1228 1889 tem·

136 1957 247 2021 porum
266 1936 411 2017 relativa,
434 1936 613 2000 absolutam
633 1935 733 2000 habea
757 1934 831 1999 hist.
853 1933 946 1998 1147
971 1947 1020 1998 eat
1041 1934 1091 1998 bic
1111 1955 1228 1997 mecum

138 2045 262 2106 animus
275 2056 425 2129 tanquam
438 2044 578 2130 perituri
587 2067 648 2129 pro
662 2067 709 2107 me
720 2041 861 2127 fueritis,
883 2041 939 2106 sed
959 2055 1019 2105 estc
1039 2043 1228 2127 superstites.

215 2152 460 2216 Diversissimas
494 2161 673 2235 temporum
701 2152 841 2214 rationes
871 2171 953 2234 quae
989 2151 1023 2212 in
1055 2150 1228 2214 enuntiatis

133 2259 274 2324 relativis
296 2258 493 2324 intercedere
522 2269 657 2344 possunt
684 2261 768 2323 inter
799 2257 959 2321 actionem
985 2257 1168 2341 primariam
1196 2267 1229 2321 et

134 2366 351 2431 secundariam
380 2366 531 2431 hocloco
559 2388 745 2431 enumerare
777 2385 1048 2451 supervacaneum
1077 2374 1134 2448 est,
1167 2363 1228 2428 hoc

133 2483 241 2539 tamen
262 2475 367 2540 dicam
388 2476 485 2539 etiam
506 2476 539 2539 in
561 2475 733 2540 enuntiatis
754 2474 897 2539 relativis
913 2494 996 2558 quae
1017 2471 1226 2537 indicativum

133 2582 304 2666 praebent,
330 2580 526 2667 deprehendi
557 2605 653 2668 saepe
682 2581 852 2646 discrimen
883 2583 966 2645 inter
1002 2581 1168 2646 relativam
1195 2591 1228 2645 et

132 2691 310 2756 absolutam
332 2701 511 2776 temporum
532 2692 698 2774 rationem,
728 2693 755 2754 si
777 2692 913 2774 scriptor
934 2690 1093 2754 actionem
1114 2711 1224 2754 secun-

132 2798 254 2863 dariam
276 2820 358 2884 quae
379 2798 421 2863 ad
442 2798 607 2883 quodlibet
628 2808 753 2883 tempus
775 2807 900 2883 spectat
921 2797 962 2860 ad
983 2807 1105 2876 certum
1127 2799 1225 2882 quod-

131 2906 206 2971 dam
239 2916 364 2992 tempus
395 2907 504 2972 refert.
554 2905 608 2973 Sic
645 2905 730 2991 apud
759 2904 943 2972 Sallustium
982 2904 1052 2971 Cat.
1086 2927 1154 2990 cap.
1188 2907 1224 2970 11

129 3014 286 3097 legimus:
316 3028 361 3079 ret
386 3015 491 3100 primo
521 3015 623 3101 mapie
656 3014 784 3078 ambitio
814 3037 908 3099 quam
940 3013 1082 3077 auaritia
1104 3015 1227 3078 animos

128 3121 289 3187 bominum
319 3124 499 3202 eaercebat,
530 3121 615 3207 quod
646 3136 748 3187 tamen
780 3122 892 3186 uitium
917 3122 1053 3207 propius
1082 3123 1226 3187 uirtutem

128 3242 207 3294 erat.
236 3228 310 3294 Hoc
326 3231 396 3294 loco
417 3231 519 3294 relata
536 3240 586 3294 est
600 3231 760 3294 sententia
775 3230 930 3294 enuntiati
946 3229 1125 3295 secundarii
1139 3232 1225 3294 omni

127 3339 267 3423 tempori
288 3339 463 3403 communis
492 3335 534 3402 ad
561 3337 594 3401 id
622 3346 748 3423 tempus
777 3335 818 3401 dc
849 3359 912 3421 quo
948 3338 1085 3421 scriptor
1105 3349 1224 3403 narrat.

127 3466 323 3531 quamquam
343 3446 442 3529 igitur
462 3445 496 3509 in
517 3445 579 3509 hoc
600 3444 745 3529 exemplo
766 3445 925 3509 rationem
945 3446 1113 3510 relativam
1133 3467 1222 3530 prue-

126 3553 227 3617 latam
248 3552 337 3618 vides
355 3553 471 3617 rationi
489 3552 661 3637 absolutae,
678 3551 765 3616 nullo
780 3561 874 3637 pacto
890 3552 1023 3637 negabis
1038 3551 1224 3619 Sallustium

127 3659 243 3727 eodem
271 3661 339 3725 iure
368 3660 474 3724 dicere
504 3661 668 3745 potuisse:
699 3659 783 3745 quod
817 3673 919 3724 tamen
952 3661 1070 3726 ultrum
1089 3665 1224 3747 propius

126 3768 272 3850 uirtutem
294 3782 348 3850 eet,
370 3770 558 3854 praesertim
579 3789 652 3833 cum
673 3778 823 3853 pergeret
844 3768 894 3832 his
916 3768 1042 3833 verbis:
1064 3792 1139 3832 nam
1155 3767 1222 3856 plo·

126 3877 212 3940 riam
326 3890 485 3962 acceptant.
528 3875 627 3961 Apud
653 3875 822 3940 historicos
850 3875 911 3939 hoc
935 3875 1106 3941 discrimen
1128 3898 1224 3962 saepe

125 3985 310 4049 invenimus
346 3985 392 4050 in.
415 3983 632 4050 describendis
675 3984 753 4048 locis
796 4006 834 4048 ac
869 3984 932 4047 situ
965 3984 1133 4067 regionum
1169 3985 1222 4070 qui

123 4101 203 4156 sunt
225 4093 322 4157 etiam
341 4094 408 4157 eius
429 4093 544 4156 aetatis
567 4093 656 4156 cuius
677 4101 727 4156 est
749 4093 893 4176 scriptor.

211 4199 371 4264 Absoluta
400 4208 449 4264 est
473 4201 557 4263 actio
579 4199 768 4274 secundaria
798 4221 880 4285 quae
907 4200 1073 4284 praeteriti
1093 4198 1222 4284 quidem

123 4309 281 4393 temporis
313 4318 379 4392 est,
410 4309 599 4392 exprimitur
623 4318 732 4373 autem
758 4329 818 4372 nec
847 4306 1034 4392 imperfecto
1055 4329 1115 4371 nec
1136 4306 1220 4392 plus-

1007 4413 1023 4466 8
