3172 5090
11 3661 19 3670 ,
130 3337 211 3622 l

766 515 805 586 77

241 725 274 788 in
296 724 460 790 enuntiato
480 723 666 788 secundario
689 723 907 787 coniunctivus
928 722 1107 808 imperfecti
1122 731 1179 787 cst.
1208 722 1243 806 (α
1266 745 1274 786 t
1295 723 1325 787 5.

240 832 362 914 s225.
390 831 526 916 7:20.)
576 828 687 896 Simile
720 851 924 894 numerorum
960 830 1130 894 discrimen
1164 827 1326 913 habemus,
1377 905 1379 908 ¹

241 940 269 1004 si
288 941 323 1002 in
345 939 509 1003 enuntiato
532 937 682 1022 primerio
703 958 855 1022 praesens
877 947 944 1002 est:
966 961 987 1002 α
1007 959 1014 1000 :
1036 937 1065 1001 0.
1097 937 1198 1017 325.
1227 937 1326 1021 γε4.

242 1047 416 1114 Collocatio
432 1070 453 1131 y
472 1046 645 1132 praevalet,
667 1046 743 1110 siin
760 1046 924 1110 enuntiato
940 1044 1091 1130 primerio
1107 1044 1327 1129 imperfectum

241 1165 290 1220 est
310 1165 366 1220 eut
387 1153 500 1240 copula
520 1152 619 1237 deest,
646 1162 679 1217 et
699 1155 725 1217 si
747 1155 780 1216 in
801 1153 972 1218 enuntiatis
993 1151 1187 1216 secundariis
1208 1151 1327 1216 indica-

240 1264 324 1328 tivus
346 1271 403 1327 est.
842 1321 845 1328 ,

320 1369 411 1434 Haeo
431 1370 539 1434 valent
561 1370 657 1433 etiam
686 1369 719 1431 in
748 1369 818 1432 eliis
849 1367 1019 1452 generibus
1040 1369 1087 1432 ita
1107 1377 1215 1432 tamen
1235 1377 1272 1432 ut
1291 1369 1326 1432 in

239 1479 410 1543 enuntietis
433 1478 623 1562 sparticula
640 1475 736 1540 donec
751 1475 975 1562 incipientibus
996 1476 1195 1540 enuntiatum
1215 1497 1326 1540 secun·

239 1585 361 1650 derium
382 1585 449 1650 fere
470 1606 595 1670 semper
614 1584 752 1670 positum
773 1585 815 1648 sit
835 1594 908 1669 post
928 1585 1121 1669 primarium.

658 1835 904 1846 *nn-u—

658 1847 905 1855 ψ

689 2055 871 2141 Index,

236 2184 410 2234 Particula
426 2184 543 2250 prima.
1261 2219 1280 2252 p,

290 2271 331 2320 De
349 2270 544 2320 enuntiatorum
560 2269 746 2320 secundarium
769 2287 821 2322 usu
844 2271 932 2322 minus
956 2271 1091 2338 frequenti
1106 2272 1176 2339 apud

324 2355 447 2406 Tacitum
466 2370 545 2421 quam
562 2354 631 2421 apud
649 2356 716 2406 alios
733 2356 874 2422 scriptores
943 2395 950 2407 .
1020 2395 1025 2409 .
1095 2396 1101 2408 .
1171 2397 1177 2408 .
1242 2362 1323 2410 1-13

358 2443 398 2492 De
416 2441 645 2506 breviloquentiec
663 2441 820 2506 quibusdam
838 2442 980 2508 generibus
1019 2481 1025 2494 .
1096 2481 1103 2494 .
1171 2481 1177 2495 .
1240 2449 1321 2496 l-ll

288 2545 291 2552 ’
356 2527 396 2578 De
414 2527 523 2578 rationis
541 2527 719 2593 paratacticae
737 2528 857 2594 vestigiis
942 2564 948 2578 .
1019 2564 1026 2582 .
1095 2567 1101 2581 .
1171 2566 1178 2582 .
1224 2534 1323 2582 11-13

236 2615 411 2666 Particula
428 2614 540 2664 altera.

288 2702 328 2752 Dc
354 2701 540 2752 consecutione
567 2708 713 2767 temporum
739 2701 766 2751 in
794 2701 952 2767 quibusdum
978 2703 1175 2754 enuntiatorum

321 2785 463 2852 generibus
560 2823 1100 2840 ........
1152 2797 1178 2841 ·.
1223 2793 1322 2842 14-36

354 2872 394 2922 De
412 2886 463 2922 usu
480 2869 646 2922 coniunctivi
662 2871 773 2937 perfecti
864 2910 1177 2926 .....
1222 2879 1321 2926 14-22

356 2957 396 3007 De
414 2957 531 3022 perfecto
547 2957 635 3022 logico
711 2993 1176 3012 .......
1221 2964 1321 3026 22—26

355 3043 395 3094 Dc
413 3042 544 3108 praesenti
562 3041 687 3093 historico
790 3079 1176 3097 ......
1222 3049 1318 3098 26-31

355 3129 394 3179 De
414 3127 558 3179 enuntiatis
576 3126 735 3190 causalibus,
754 3127 927 3178 adversativis
944 3129 1093 3182 modalibus
1115 3123 1118 3127 ’
1170 3167 1177 3183 .
1221 3135 1322 3183 31-34

355 3215 395 3265 Do
414 3213 559 3265 enuntiatis
577 3212 791 3278 secundariisquo
810 3229 843 3263 ex
860 3213 1005 3280 participiis
1022 3215 1173 3267 infinitivis·

387 3316 438 3365 que
455 3299 570 3365 pendent
635 3335 1175 3351 ........
1219 3304 1319 3354 34-35

348 3361 481 3446 ᾖοωοᾶο
500 3384 532 3435 de
550 3393 697 3451 temporum
716 3385 901 3435 consecutione
920 3385 1040 3436 doctrina
1062 3385 1097 3436 eit
1118 3392 1175 3437 orta
1219 3389 1320 3441 35-36

232 3470 408 3521 Particule
425 3470 535 3520 tortia.

280 3556 320 3606 Do
338 3555 483 3606 enuntiatis
500 3554 690 3621 temporalibus
785 3589 1173 3608 ......
1218 3561 1317 3609 37-77

349 3647 488 3707 postquam
557 3677 1172 3693 .........
1218 3647 1319 3695 tlt-44

350 3727 504 3793 priusquam
555 3762 1173 3780 .........
1217 3732 1318 3781 45-46

351 3820 493 3880 antequam
555 3848 1172 3864 .........
1216 3817 1317 3867 46-47

350 3913 411 3948 oum
456 3891 459 3895 “
480 3933 1173 3952 ..........
1217 3903 1315 3953 48-61

351 3984 413 4034 dum
479 4020 1172 4036 ..........
1217 3989 1317 4038 62-66

350 4071 433 4122 donec
478 4105 1173 4123 ..........
1217 4071 1318 4124 66-69

351 4156 397 4206 ubi
479 4193 485 4206 .
557 4194 563 4205 .
633 4192 668 4236 ,Ι
710 4191 1172 4208 .......
1217 4159 1331 4231 69-ῚὸΙ

674 4331 870 4340 ....---.-

674 4344 870 4352 -ῇ-
