3162 5088
726 553 764 617 13

642 642 838 650 ———-

196 775 254 818 nes
281 754 327 816 ita
352 775 446 837 saepe
475 762 659 836 occurrunt,
693 763 729 818 ut
758 752 1020 818 consuetudinem
1053 774 1210 837 agnoscas
1246 753 1286 817 cf.

195 885 277 943 mon,
292 860 381 942 ¹inter
401 883 489 946 quae,
511 861 592 944 dine,
615 860 689 925 inde
711 861 850 946 (saepius
872 882 943 925 cum
966 861 1056 946 clipsi
1079 860 1168 926 verbi
1189 861 1285 944 finiti)

187 969 285 1056 fuere
305 969 369 1054 qui,
391 981 481 1031 eram
502 968 565 1053 qui,
588 968 711 1033 similia.

277 1075 342 1142 Sed
363 1085 508 1140 revertur
528 1098 613 1139 nunc
634 1075 675 1140 ad
696 1077 874 1160 parataxin.

277 1183 371 1248 Ratio
404 1185 608 1248 consecutiva
636 1185 825 1269 exprimitur
851 1184 1012 1249 interdum
1033 1206 1098 1250 non
1120 1187 1285 1250 enuntiato

196 1291 382 1356 secundario
405 1293 618 1373 consecutivo,
641 1291 697 1356 sed
721 1291 844 1356 duobus
867 1293 1039 1356 enuntiatis
1062 1294 1220 1378 primariis
1241 1295 1287 1358 ita

196 1401 357 1464 collocatis
390 1410 426 1464 ut
457 1401 656 1465 enuntiatum
692 1400 777 1485 quod
813 1399 1035 1464 secundarium
1071 1423 1140 1466 esse
1176 1400 1287 1465 debuit

195 1509 296 1593 primo
318 1508 387 1572 loco
410 1509 548 1593 positum
570 1509 621 1590 sit,
643 1508 778 1572 alterum
793 1530 869 1572 vero
885 1509 1025 1572 secundo
1047 1509 1116 1572 loco
1135 1520 1287 1594 sequatur

196 1618 286 1701 quasi
309 1615 466 1701 quaedam
488 1615 686 1700 exclamatio,
709 1616 749 1680 cf.
772 1615 935 1699 hist.1‚9
968 1641 1005 1680 ae
1031 1617 1132 1702 quieto
1161 1616 1284 1703 quidem

194 1725 292 1788 milite
327 1726 482 1811 reqimen5
518 1723 596 1788 odeo
630 1723 886 1788 accendebantur.
944 1723 1063 1788 ibidem
1089 1723 1139 1787 37.
1170 1722 1206 1786 Il
1234 1723 1284 1788 91.

195 1831 243 1897 IV
264 1834 314 1897 39.
336 1833 385 1896 80.
428 1854 501 1897 ann.
523 1832 541 1896 I
561 1833 611 1896 50.

275 1939 396 2024 Magno
418 1940 556 2026 denique
576 1962 707 2004 numero
730 1941 967 2004 enuntiatorum
988 1961 1071 2025 quac
1092 1962 1111 2003 a
1130 1941 1286 2025 particula

195 2061 228 2110 ut
248 2047 405 2133 incipiunt
426 2061 458 2112 et
479 2049 655 2112 narrationi
677 2049 797 2111 inserta
819 2058 903 2131 sunt,
934 2071 982 2113 ox.
1005 2071 1053 2132 gr.
1083 2062 1115 2112 ut
1144 2062 1187 2113 est
1219 2073 1285 2112 mos

195 2155 292 2241 aulai,
328 2171 362 2220 ut
394 2171 498 2220 uotum
534 2170 592 2240 est,
633 2155 869 2220 demonstratur
903 2155 1051 2221 Tacitum
1086 2156 1179 2221 facile
1215 2179 1284 2221 sen-

194 2264 310 2327 tentias
340 2273 372 2327 et
403 2264 613 2348 cogitationes
635 2285 700 2328 non
721 2273 788 2327 tam
809 2264 934 2327 ratione
962 2263 1167 2348 hypotactica
1189 2285 1285 2349 quam

193 2373 316 2435 ratione
338 2373 533 2456 paratactica
552 2372 754 2456 coniungere.
776 2371 949 2456 Exempla
970 2374 1076 2436 omnia
1099 2393 1285 2436 enumcrare

193 2481 406 2543 necessarium
435 2502 500 2543 non
528 2489 585 2564 est,
617 2480 732 2543 sufficit
754 2481 961 2564 cognovisse,
991 2479 1066 2565 quid
1088 2481 1165 2544 talia
1187 2502 1283 2545 enun-

194 2589 273 2651 tiata
294 2588 421 2652 valeant
443 2589 476 2652 in
498 2589 734 2653 enuntiatorum
765 2586 1055 2673 componendorum
1085 2587 1170 2672 apud
1191 2586 1283 2651 Taci-

193 2704 262 2759 tum
282 2698 414 2762 ratione.

275 2804 388 2868 Restat
422 2827 507 2869 nunc
537 2814 573 2868 ut
605 2805 749 2870 adferam
780 2805 866 2868 locos
902 2805 1070 2869 nonnullos
1103 2805 1137 2868 in
1169 2805 1284 2890 quibus

193 2912 274 2975 ratio
303 2914 499 2998 paratactica
530 2911 668 2998 quodam
695 2910 790 2975 modo
823 2913 993 2976 coniuncta
1015 2922 1064 2976 est
1091 2934 1162 2976 cum
1184 2913 1284 2998 hypo-

193 3021 317 3083 tactica.
371 3020 444 3085 hist.
472 3019 508 3084 H
536 3020 574 3083 17
603 3034 771 3105 aperuerat
797 3020 863 3083 iam
890 3019 1021 3084 ltaliam
1048 3020 1170 3100 bellum,
1200 3019 1285 3107 quod

193 3129 412 3192 transmiserat
438 3128 493 3192 ala
524 3127 670 3206 Siliana,
702 3127 790 3191 niella
823 3127 913 3212 apud
942 3151 1125 3213 quemqnam
1155 3127 1285 3194 Othonis

184 3235 315 3319 fauore,
336 3258 391 3300 nee
412 3237 488 3320 quia
517 3235 676 3299 Vitellium
698 3235 837 3314 niallam,
860 3234 915 3299 sed
937 3235 1032 3323 tonan
1051 3259 1121 3320 poa
1142 3235 1283 3323 freyerut

191 3343 307 3428 faciles
328 3345 553 3430 occupantibus
574 3357 601 3407 et
621 3343 801 3407 melioribus
822 3344 1008 3408 incuriosos.
1037 3342 1113 3407 ibid.
1128 3344 1170 3408 45
1194 3345 1282 3410 1—3.

193 3450 269 3515 ibid.
288 3450 361 3516 139
383 3453 519 3540 oyt'tasse
541 3452 669 3530 dicitur,
690 3451 755 3515 siue
776 3464 810 3515 ut
830 3451 984 3535 mulceret,
1002 3474 1056 3515 seu
1068 3490 1111 3497 —
1132 3451 1283 3516 credebat.

192 3557 268 3622 ibid.
283 3558 301 3622 I
316 3558 355 3623 76
376 3559 529 3642 manebat,
547 3583 608 3623 non
623 3559 764 3644 partium
779 3557 895 3643 studio,
910 3559 966 3623 sed
976 3573 1052 3624 erat.
1086 3559 1135 3643 85,
1153 3559 1282 3624 18-21.

192 3665 243 3748 36,
264 3667 375 3731 6-11.
