3162 5088
602 965 809 1050 Particula
835 967 975 1052 altera.

324 1239 396 1304 Hac
417 1225 509 1325 parte
530 1219 766 1304 dissertationis
789 1239 850 1304 duo
873 1241 951 1305 mihi
973 1244 1138 1327 proposita
1159 1254 1242 1307 sunt.
1286 1245 1336 1309 Ac

244 1349 380 1433 primum
411 1347 539 1433 quidem
566 1329 679 1430 meam,
712 1347 941 1432 qualiscunque
973 1350 1039 1432 est,
1073 1352 1266 1415 sententiam
1297 1352 1337 1417 de

244 1457 467 1520 consecutione
489 1465 669 1540 temporum
684 1477 842 1540 exponam
857 1457 1031 1521 secundum
1051 1478 1147 1542 quam
1169 1461 1267 1524 totius
1289 1461 1335 1524 rei

244 1562 339 1627 cardo
371 1564 404 1626 in
436 1584 473 1626 eo
504 1572 688 1647 ‚temporum
724 1586 782 1627 usu
822 1566 973 1648 vertitur,
1011 1587 1105 1650 quem
1142 1569 1335 1632 recentiores

243 1671 443 1754 grammatici
471 1670 660 1735 Relativita't
683 1670 738 1734 der
765 1673 918 1760 Tempora
940 1673 1190 1758 appellaverunt,
1221 1675 1336 1741 deinde

243 1779 434 1863 peculiarem
450 1777 555 1842 Taciti
576 1779 773 1864 aliorumque
793 1779 983 1864 scriptorum
1000 1779 1224 1845 historicorum
1243 1804 1334 1848 usum

242 1885 387 1953 tractabo
417 1907 585 1971 meamque
615 1886 858 1970 explicationem
892 1886 932 1950 ad
966 1888 1112 1974 exempla
1141 1911 1181 1953 ex
1210 1891 1336 1954 illorum

244 1994 394 2078 operibus
417 1994 550 2058 collecta
570 1993 740 2079 adhibebo,
770 2017 832 2080 quo
855 1997 888 2058 in
909 2017 1028 2079 genere
1058 2019 1123 2060 non
1155 2020 1267 2062 vereor
1294 2020 1335 2062 ne

243 2104 324 2187 quis
340 2123 392 2166 me
420 2101 669 2186 reprehensurus
699 2104 750 2187 sit,
784 2104 811 2166 si
838 2105 1022 2168 notissimos
1054 2107 1335 2188 grammaticorum

242 2210 341 2274 libros
382 2209 496 2274 afferre
530 2211 743 2275 necessarium
778 2232 843 2274 non
880 2211 1000 2278 duxero
1036 2214 1155 2298 quippe
1183 2214 1237 2299 qui
1266 2214 1335 2277 uni-

243 2319 356 2404 cuique
377 2339 502 2406 semper
523 2327 650 2410 praesto
673 2319 747 2382 sint.

324 2426 516 2511 Priusquam
543 2435 650 2490 autem
679 2426 720 2489 ad
750 2427 876 2511 singula
906 2429 1091 2512 perveniam
1112 2429 1265 2492 nonnulla
1286 2429 1331 2492 di·

243 2533 344 2597 cenda
365 2543 439 2598 sunt
461 2532 501 2626 (ie
523 2532 646 2597 duabus
669 2534 998 2619 commentationibus,
1021 2557 1099 2620 quas
1122 2535 1280 2600 Lieven
1303 2546 1334 2600 et

242 2641 404 2707 Wetzel
438 2642 633 2725 scripserunt
668 2640 707 2705 dc
740 2644 964 2707 consecutione
996 2653 1176 2728 temporum
1208 2643 1333 2709 Cicero·

241 2749 391 2832 niana*).
435 2801 437 2805 s

324 2856 445 2921 Lieven
479 2856 556 2921 dicit
585 2879 616 2942 p.
648 2861 681 2922 l:
725 2857 821 2922 Unter
855 2859 1035 2922 consecutio
1075 2868 1254 2944 temporum
1290 2860 1334 2923 im

242 2965 383 3028 weiterea
406 2963 502 3029 Sioua
524 2965 653 3028 veratabt
674 2989 749 3028 man
772 2964 823 3028 die
848 2965 1084 3053 Beeinflussuup
1116 2966 1170 3030 des
1200 2967 1334 3052 Tempus

241 3074 284 3136 im
320 3071 608 3159 coay'uuktr’viscben
646 3072 835 3136 Nebcaaatze
871 3072 970 3136 durch
1011 3073 1071 3136 das
1110 3074 1241 3138 Verbum
1280 3074 1334 3139 des

243 3171 461 3264 Hospes-atres.
498 3201 563 3242 non
578 3179 659 3244 dixit
677 3179 753 3264 quid
766 3180 808 3243 sit
822 3179 899 3244 illud
913 3178 998 3264 quod
1016 3182 1085 3266 ipse
1095 3183 1334 3268 Beeiaflussaap

241 3287 390 3372 appellat,
418 3307 484 3350 non
515 3308 653 3371 quanam
680 3288 769 3352 inre
791 3291 972 3352 consecutio
1002 3274 1182 3374 temporum
1205 3311 1333 3354 oausam

242 3417 331 3459 suam
353 3394 469 3459 habeat
491 3393 631 3480 quidque
652 3396 694 3459 sit
715 3398 897 3460 consecutio
914 3407 1093 3482 temporum
1111 3419 1206 3461 sensu
1220 3398 1333 3462 latiore

241 3502 436 3588 accipienda.

325 3611 446 3676 Contra
474 3609 601 3675 Wetzel
628 3611 701 3696 p.6
732 3610 810 3675 haec
839 3610 934 3676 dicit:
972 3636 1070 3698 quare
1098 3614 1154 3676 hoc
1182 3613 1320 3698 exempl‘

240 3720 319 3783 actia
339 3719 446 3782 multia
468 3717 680 3782 demonstrare
701 3719 829 3783 institui
848 3720 1042 3805 siupulorum
1065 3734 1235 3806 temporum
1267 3721 1331 3784 cim

242 3841 333 3912 atque
354 3826 613 3913 sipmficota'ouem
635 3826 764 3890 eandem
786 3850 858 3906 esse,
887 3841 951 3890 tom
980 3828 1012 3891 in
1035 3827 1210 3892 indicativo
1238 3853 1330 3913 quam

319 4141 347 4206 *)
366 4144 506 4194 Liavon:
533 4143 582 4194 Dia
609 4151 743 4196 consacnt.
773 4149 851 4209 temp.
881 4143 926 4193 dos
953 4143 1052 4194 Cicero.
1098 4143 1166 4208 Riga
1196 4147 1267 4195 1872.
1298 4171 1332 4181 —

241 4229 387 4281 Watzel:
415 4229 447 4280 de
470 4230 656 4280 consecutione
681 4236 829 4295 temporum
853 4228 1025 4280 Ciceroniana
1053 4244 1109 4295 cap.
1129 4229 1188 4279 duo.
1226 4230 1331 4296 Lipsiae

243 4317 316 4366 1877.
