3162 5088
532 549 729 645 *τ’τ-

103 746 162 812 ΧΙ.
192 769 275 811 cum
306 749 528 814 infinitivo
556 749 782 833 histori003
820 750 852 812 in
891 759 998 813 enunt.
1024 751 1191 838 primarie

236 856 388 920 habemus
410 856 774 942 plusquamperfectum:
807 859 840 941 γ)
858 856 928 942 Iug.
952 857 1002 941 98,
1023 857 1052 921 2.

90 986 166 1052 XII.
197 989 454 1053 enuntiatum
493 988 784 1053 secundarium
821 990 976 1074 pendet
1015 1011 1094 1052 non
1129 1012 1179 1053 ex

235 1097 329 1182 ipsa
350 1097 518 1160 actione
537 1097 747 1180 primaria.

178 1225 205 1267 a.
237 1226 277 1267 ex
299 1201 455 1267 infinitivo
477 1206 663 1290 praesentis.
703 1204 772 1269 Oai.
791 1204 829 1267 12
851 1207 1107 1289 operaepretium
1125 1217 1178 1283 ert,

239 1335 305 1374 curn
328 1299 516 1398 ccqnoveric,
545 1312 649 1375 eicere.
700 1311 750 1395 51,
775 1312 813 1375 19
842 1334 1104 1397 ,τηρητυηηηηεητη
1136 1325 1179 1374 est

236 1418 395 1499 disserere,
431 1443 500 1483 curn
534 1420 721 1506 praesertim
756 1421 828 1482 airu.
881 1419 922 1483 25
953 1420 1011 1504 qui
1039 1420 1180 1483 convenit

240 1527 353 1608 timere,
387 1553 456 1592 cum
487 1525 665 1616 neyleqeria
714 1529 764 1612 58,
794 1527 834 1594 16
872 1529 906 1589 in
935 1526 1017 1614 fuya
1050 1527 1179 1591 salutem

240 1657 375 1720 ¹eierare,
399 1659 467 1698 cam
489 1635 673 1715 advorteria
697 1635 852 1698 dementia
873 1648 924 1697 eat.
969 1656 1012 1699 or.
1036 1634 1117 1700 Phil.
1141 1635 1181 1698 14

232 1741 362 1827 placere
384 1744 439 1822 ait,
459 1742 609 1821 rescindi,
631 1767 698 1807 carn
723 1755 821 1829 σοφαί.

177 1858 206 1922 b.
237 1881 277 1922 ex
305 1858 461 1923 infinitivo
490 1858 633 1943 perfecti.
686 1857 757 1942 Iug.
780 1857 808 1940 9,
833 1859 854 1942 4
886 1883 955 1922 curn
983 1857 1178 1946 intelteqerit,

240 1965 357 2030 dicitnr
378 1967 530 2030 habuisse.
705 1967 709 1974 ’

180 2097 206 2138 c.
240 2097 280 2138 ex
302 2071 442 2139 ablativo
464 2075 619 2140 absolute.
663 2074 733 2158 Iug.
755 2075 805 2158 40,
820 2063 848 2137 4Ι
862 2074 989 2160 trepida
1004 2077 1097 2139 etiam
1113 2089 1177 2140 tum

236 2183 371 2266 civitate,
393 2207 462 2246 cum
482 2197 655 2270 roqaretur,
678 2183 829 2268 effecerat.
872 2183 957 2266 62,9
979 2181 1087 2248 diebus
1109 2208 1179 2248 con-

239 2291 380 2377 sumptiS,
403 2315 471 2354 cam
494 2290 626 2370 duceret,
647 2304 816 2376 reputaret,
838 2292 941 2354 sumit.
985 2312 1029 2354 or.
1046 2289 1126 2377 Lep.
1140 2292 1181 2356 23

237 2412 460 2484 extorquerent,
491 2401 615 2486 eqreqia
642 2398 760 2462 scilicet
788 2397 934 2480 mercede,
963 2423 1032 2462 cum
1061 2399 1179 2463 intelte-
1281 2395 1284 2402 ’

235 2507 348 2593 9τττήι.

179 2614 208 2678 d.
239 2637 279 2678 ex
308 2613 475 2698 participio
504 2613 682 2677 coniuncto.
733 2613 804 2698 Iug.
827 2613 919 2697 58,6
955 2628 989 2677 at
1026 2597 1181 2700 Iecurtha

237 2721 415 2808 impeditur,
439 2745 506 2785 cum
523 2723 764 2808 praecipitaret,
787 2722 948 2806 officerent,
970 2742 1009 2785 ec
1023 2723 1146 2806 recepit.

179 2854 205 2895 e.
239 2852 279 2894 ex
301 2829 467 2894 adiectivu
511 2852 555 2894 or.
578 2829 692 2916 Lepidi
713 2833 732 2894 6
754 2843 938 2917 sumpserat,
960 2832 1105 2910 satiatur,
1126 2830 1182 2894 aed

239 2952 300 3002 turn
324 2937 491 3018 crudelior,
513 2963 581 3002 eum
603 2951 737 3002 vortunt.

171 3070 233 3135 His
254 3070 333 3136 haee
355 3070 502 3153 addenda
523 3081 598 3135 sunt
615 3093 627 3134 ¹:

174 3180 206 3263 1)
239 3181 320 3244 ratio
353 3190 533 3265 temporum
562 3180 595 3243 in
624 3179 707 3243 bello
735 3177 927 3262 Iugurthino
959 3179 1063 3261 magis
1093 3177 1183 3240 varia

240 3297 303 3372 est,
332 3309 427 3373 quam
448 3289 482 3350 in
504 3287 642 3352 Catilina
664 3287 702 3351 ef.
727 3309 776 3350 ex.
799 3309 846 3370 gr.
871 3286 1062 3351 infinitivum
1084 3286 1181 3350 histo-

239 3398 340 3460 ricum
360 3397 393 3459 in
416 3397 580 3460 enuntiato
602 3394 798 3459 secundario.
840 3417 908 3479 cap.
931 3395 981 3478 98,
1002 3395 1032 3458 2.

172 3504 206 3587 2)
239 3528 308 3568 cum
329 3503 490 3567 concidero
512 3503 647 3587 legimus
670 3502 739 3567 (tat.
763 3502 814 3567 20.
835 3503 885 3566 52.
908 3502 957 3566 58.
1001 3525 1070 3565 cum
1086 3522 1181 3586 prae-

198 3619 201 3626 '
239 3613 343 3676 sertim
365 3610 437 3695 Iug.
456 3612 486 3675 2.
501 3613 530 3675 3.
573 3634 642 3674 curn
662 3610 788 3674 interim
808 3609 880 3694 Iug.
900 3610 947 3673 12.
984 3610 1182 3672 enuntiatum

239 3718 459 3783 secundarium
481 3717 658 3801 antecedit,
686 3718 799 3802 incipit
828 3726 935 3782 autem
963 3738 1029 3780 non
1050 3715 1091 3779 ab
1113 3717 1184 3800 ipsa

239 3827 395 3913 particula
416 3850 484 3891 cem
507 3824 577 3890 cat.
599 3826 649 3890 23,
671 3826 721 3890 29.
746 3826 795 3889 33.
817 3825 868 3890 36.
910 3823 981 3908 Iug.
1005 3824 1052 3886 14.
1068 3823 1109 3888 93
1123 3822 1181 3887 bis.

240 3934 392 3998 ciricum
414 3935 447 3997 in
469 3935 633 3998 enuntiato
664 3943 737 4019 post
766 3934 965 3997 enuntiatum
997 3932 1182 4018 primarium

242 4044 345 4128 posito
380 4041 535 4106 habemus
569 4041 639 4126 Iug.
674 4041 725 4104 44.
786 4041 964 4105 Enuntiata
997 4039 1184 4104 secundaria

243 4150 357 4236 quibus
394 4149 456 4214 duo
493 4148 637 4213 membra
674 4158 748 4212 sunt
787 4149 991 4212 inveniuntur
1022 4169 1093 4210 eum
1123 4169 1183 4210 usu

245 4257 437 4342 anaphorico
460 4257 635 4341 particulae
656 4281 724 4320 cum
745 4257 778 4319 in
799 4255 995 4321 orationibus
1019 4275 1100 4340 quae
1121 4254 1180 4319 Oa·
