3162 5088
658 538 699 606 45

326 804 384 868 De
405 826 478 868 usu
507 801 749 889 particulae
779 800 1026 886 priusquam

476 944 587 1030 apud
608 943 872 1010 Sallustium.

132 1105 157 1169 I.
192 1126 278 1169 cum
301 1105 573 1168 coniunctivo
594 1102 842 1187 praesentis.

198 1227 245 1294 a.
278 1231 311 1292 in
343 1229 507 1293 enuntiato
539 1227 690 1312 primario
726 1225 917 1290 indicativus
950 1229 1128 1312 praesentis
1164 1236 1221 1292 est.

278 1337 311 1421 d)
334 1336 404 1402 Cat.
426 1336 456 1420 4,
478 1336 499 1400 5
523 1359 631 1422 pauca
659 1337 753 1422 prins
780 1334 988 1420 explananda
1018 1349 1099 1416 sunt,
1129 1360 1222 1422 quam

270 1444 411 1530 faciam.
589 1427 592 1435 ⁸

219 1552 249 1616 b.
278 1553 505 1637 imperativus:
528 1552 563 1635 u)
587 1551 657 1617 Cat.
683 1553 710 1635 1,
732 1551 958 1638 (ipriusquam
981 1552 1130 1638 incipias,
1152 1575 1221 1616 con·

278 1660 369 1726 sulto.

133 1803 175 1867 H.
216 1825 301 1867 cum
322 1803 557 1868 indicativo
580 1804 766 1889 perfecti.

221 1951 249 1992 a.
278 1929 312 1992 in
340 1930 504 2022 enuntiato
532 1929 683 2012 primario
716 1927 845 1992 indicat.
874 1928 954 2013 perf.
984 1937 1051 1992 est:
1089 1927 1122 2011 δ)
1153 1928 1223 1992 Cat.

279 2036 401 2136 51,34.
444 2035 515 2121 Iug.
536 2036 586 2121 35,
608 2037 636 2101 8.

220 2143 251 2208 b.
281 2166 433 2230 praesens
454 2144 526 2208 hist.
568 2147 604 2227 β)
626 2143 697 2227 Iug.
720 2144 771 2227 97,
792 2143 822 2206 4.

132 2285 192 2350 ΠΙ.
215 2307 299 2350 cum
322 2288 597 2350 coniunctius
619 2285 871 2370 imperfecti.

281 2413 314 2475 in
350 2414 514 2476 enuntiato
550 2412 701 2496 primario
737 2410 912 2478 infinitivus
956 2421 1004 2474 est
1045 2410 1225 2474 historicus.

325 2519 357 2597 δ’)
379 2519 451 2603 Iug.
474 2519 503 2602 4,
526 2519 555 2583 6.

131 2660 189 2724 IV.
211 2683 294 2725 cum
316 2663 595 2726 coniunctius
617 2660 867 2744 imperfecti.
919 2639 920 2648 i
1011 2731 1012 2734 Ἴ
1043 2658 1044 2663 ’

221 2807 249 2850 a.
280 2787 313 2850 in
335 2789 501 2851 enuntiato
529 2788 680 2871 primario
707 2785 861 2850 habemus
892 2785 1090 2870 perfectum:
1122 2787 1157 2870 β)
1181 2809 1225 2851 cr.

281 2893 309 2958 L
353 2945 359 2959 .
405 2947 411 2959 .

221 3002 252 3066 b.
281 2896 433 3088 piissime
455 3001 651 3067 historicum.
693 3002 728 3090 β)
750 3000 822 3085 lug.
843 3001 894 3085 54,
918 3002 965 3065 10.
1001 3002 1101 3085 59,1.

223 3133 249 3174 c.
280 3109 473 3174 infinitivum
494 3109 690 3188 historicum,
732 3110 766 3195 γ)
791 3108 862 3174 Cat.
887 3109 985 3193 13,'3.

131 3244 174 3309 V.
212 3244 412 3309 enuntiatum
442 3242 664 3325 secundarium
693 3242 812 3326 pendet
844 3263 910 3306 non
939 3264 980 3306 ex
1008 3242 1133 3308 actione
1163 3245 1225 3330 pri·

208 3352 319 3416 maria.

284 3458 357 3524 Cat.
379 3458 429 3542 32,
453 3458 469 3521 1
494 3457 695 3538 ...medena
715 3458 903 3545 priusquam
1020 3459 1227 3523 scriberentur

327 3580 520 3654 antecapere,
538 3565 704 3652 profectus
719 3547 771 3630 esti
799 3566 850 3651 44,
865 3567 885 3630 3
899 3567 1003 3644 mittit,
1020 3581 1053 3632 ut
1067 3605 1109 3614 —
1117 3567 1227 3652 prius-

324 3699 416 3760 quam
437 3688 610 3762 perperam,
632 3674 862 3759 confirmarent.
905 3674 1228 3760 Iug.25,102ffiare

316 3795 437 3870 potest,
480 3797 514 3846 ut
554 3782 743 3868 priusquam
784 3783 1028 3863 circumveniret,
1062 3783 1227 3868 potiretur.

325 3891 374 3974 44,
391 3891 412 3956 3
428 3890 566 3976 putabat
586 3914 649 3954 non
664 3891 762 3977 prius
783 3891 943 3979 attinqere,
963 3914 1058 3975 quam
1073 3891 1228 3978 coepisset.

504 4071 625 4158 Apud
654 4073 859 4138 Velleium

129 4227 205 4269 cum
234 4207 435 4271 coniunctius
465 4206 645 4292 imperfecti
672 4205 875 4271 antecedenti
907 4207 940 4269 in
975 4206 1142 4271 enuntiato¹
1165 4206 1227 4290 pri-

128 4315 234 4378 mario
255 4313 407 4402 perfecte.
450 4316 486 4398 β)
508 4312 544 4378 Π
562 4315 613 4398 42,
634 4315 655 4380 3
677 4328 815 4380 revectus
843 4314 887 4378 ad
916 4337 1023 4394 mars,
1039 4315 1229 4401 priusquam
