3162 5088
719 463 811 576 n*

635 601 833 609 ——n--—

272 708 1209 777 mmmmmuuummmm

536 818 698 907 &ml

271 923 1277 992 memsamummmmmmmm

537 1036 587 1099 bl.
610 1035 660 1098 66.
705 1031 756 1121 [32
777 1031 867 1121 pgg.]

188 1141 332 1206 videmus
353 1141 437 1206 hunc
458 1165 550 1207 usum
573 1152 605 1206 et
627 1142 726 1206 multo
748 1142 999 1227 frequentiorem
1023 1163 1092 1205 esso
1111 1139 1195 1226 apud
1217 1138 1278 1203 Ta·

190 1251 286 1314 citum
308 1272 403 1336 quam
423 1250 508 1335 apud
531 1251 702 1315 Caesarem
735 1261 767 1314 et
795 1252 828 1322 in
856 1247 1085 1334 posterioribus
1117 1250 1279 1313 annalium

189 1357 277 1421 libris
300 1359 425 1442 saepius
447 1359 593 1442 inveniri,
617 1379 711 1443 quam
734 1359 767 1421 in
789 1358 957 1443 prioribus.

272 1464 308 1529 B.
332 1467 433 1530 altera
455 1488 551 1531 causa
572 1487 635 1551 qua
650 1467 769 1530 factum
786 1476 844 1550 est,
867 1475 902 1530 ut
918 1468 1154 1531 enuntiatorum
1168 1486 1275 1529 secun·
1277 1432 1363 1540 ὦ

189 1572 351 1636 dariorum
372 1597 446 1638 usus
472 1574 557 1659 apud
578 1574 727 1639 Tacitum
754 1596 819 1637 non
849 1575 895 1638 ita
923 1574 1073 1660 frequens
1103 1576 1154 1657 sit,
1185 1594 1279 1659 quam

188 1680 273 1766 apud
293 1682 370 1745 alios
394 1683 574 1766 scriptores,
603 1683 707 1766 posita
736 1692 784 1745 est
815 1683 848 1746 in
879 1703 914 1746 eo
945 1681 1031 1767 quod
1059 1681 1190 1746 Tacitus
1212 1702 1278 1744 sae-

188 1790 317 1874 pissime
340 1791 519 1873 enuntiata,
547 1811 629 1874 quac
652 1789 853 1854 subordinari
883 1800 1040 1875 poterant,
1072 1788 1279 1871 coordinavit,

191 1906 222 1960 et
242 1898 401 1961 rationem
422 1898 650 1982 paratacticam
672 1899 823 1983 praetulit
843 1899 961 1962 rationi
982 1897 1213 1982 hypotacticae.

270 2004 364 2069 Hanc
384 2027 460 2070 vero
482 2026 550 2069 rem
572 2005 722 2069 hocloco
745 2015 883 2069 tractare
899 2007 982 2089 nolo,
1005 2007 1157 2070 nonnulla
1172 2015 1279 2068 tamon

191 2113 370 2197 quaemihi
392 2123 597 2177 occurrerunt
619 2113 799 2198 prolaturus
822 2135 899 2177 sum.

271 2220 310 2284 ln
333 2222 459 2285 ratione
481 2222 600 2285 causali
623 2220 830 2306 exprimenda
851 2222 898 2284 uti
926 2231 1032 2306 potest
1060 2221 1196 2305 scriptor
1224 2229 1280 2283 aut

192 2328 230 2391 iis
261 2329 537 2392 coniunctionibus
570 2328 684 2414 quibus
716 2330 799 2393 actio
835 2328 1022 2393 secundaria
1056 2328 1281 2392 subordinatur

189 2436 306 2498 actioni
329 2436 453 2524 cuidam
476 2439 653 2522 primariae,
682 2448 737 2502 aut
758 2439 796 2501 iis
818 2438 932 2523 quibus
963 2439 1129 2502 enuntiata
1159 2436 1279 2500 coordi-

188 2554 314 2628 nantur,
330 2569 413 2623 nam,
430 2548 510 2608 enim
525 2547 593 2608 sim.
628 2567 751 2610 summa
769 2568 845 2610 vero
868 2545 1035 2610 difficultas
1057 2547 1090 2608 in
1105 2544 1279 2609 tractandis

190 2651 307 2716 talibus
329 2651 425 2716 rebus
447 2674 483 2716 eo
506 2654 606 2717 oritur
628 2653 713 2739 quod
735 2656 906 2739 scriptores
926 2649 1128 2738 maximeque
1149 2653 1280 2717 Tacitus

188 2781 253 2823 non
275 2760 376 2823 solum
399 2761 564 2825 enuntiata
584 2763 734 2846 primaria
747 2761 869 2826 habent
884 2763 1022 2826 causalia
1035 2784 1093 2846 pro
1109 2762 1280 2826 enuntiatis

190 2866 367 2932 causalibus
390 2867 583 2932 secundariis
605 2869 661 2934 sed
683 2879 738 2933 aut
760 2869 915 2954 asyndeto
938 2870 1123 2956 frequenter
1138 2879 1280 2952 utuntur,

189 2987 243 3040 aut
265 2976 430 3040 enuntiata
449 2977 533 3040 inter
554 2998 636 3070 quae
657 2979 739 3040 ratio
763 2979 896 3042 causalis
911 2977 1081 3042 intercedit
1101 2978 1281 3064 copulative

189 3093 313 3154 tantum
337 3085 543 3167 coniungunt.
587 3084 627 3148 cf.
651 3085 798 3168 Draeger
820 3108 850 3171 p.
872 3085 922 3148 44.

270 3190 374 3255 Huius
396 3214 471 3255 usus
487 3188 640 3278 'exempla
661 3193 823 3278 proferam
845 3194 1006 3258 nonnulla.

272 3300 352 3382 Agr.
387 3299 426 3362 27
478 3300 679 3385 iniquissimo
729 3302 804 3364 haec
852 3301 998 3365 bellorum
1042 3301 1184 3366 condicio
1227 3317 1279 3365 est.

186 3429 342 3492 prospera
375 3429 478 3470 omues
509 3409 574 3472 sibi
607 3408 789 3493 vindicant,
830 3409 966 3473 adama
998 3411 1057 3474 uni
1085 3412 1281 3496 imputantur

190 3507 229 3570 =-'-
250 3536 325 3578 nam
345 3535 500 3600 prospera
528 3526 587 3580 etc.
615 3517 683 3581 vel:
718 3538 788 3581 cum
819 3518 904 3580 enim
926 3555 964 3563 —
983 3517 1158 3602 vindicent,
1180 3519 1280 3604 impu·

190 3631 308 3687 tantur.
372 3711 374 3716 Ι
1104 3685 1107 3692 .

273 3729 382 3796 Germ.
409 3732 455 3815 19,
479 3732 516 3795 15
535 3731 668 3817 plusque
689 3759 728 3788 =
751 3733 820 3817 plus
844 3733 937 3796 enim.
982 3733 1180 3817 (hist.1,1.)

271 3839 324 3903 Ex
346 3841 550 3925 antiquorum
571 3839 735 3903 rhetorum
755 3841 844 3904 libris
867 3841 945 3904 satis
967 3850 1079 3904 notum
1108 3851 1157 3905 est
1185 3864 1279 3926 asyn-

190 3944 264 4010 deto
286 3948 495 4011 elocutionem
516 3947 585 4012 fieri
607 3948 823 4012 efficaciorem.
861 3948 896 4014 si
917 3960 1024 4013 autem
1045 3950 1189 4033 linguam
1210 3950 1279 4014 lati-

189 4075 264 4118 nam
285 4076 504 4139 comparamus
531 4077 602 4118 cum
623 4055 734 4138 lingua
755 4077 879 4138 graeca,
902 4057 1036 4121 alteram
1056 4056 1193 4121 fortasse
1216 4067 1278 4121 sta·

190 4171 279 4226 tuere
317 4184 485 4248 possumus
523 4163 709 4246 utilitatem,
747 4184 841 4248 quam
879 4166 1050 4248 scriptores
1084 4165 1206 4228 romani
1240 4187 1280 4228 ex

190 4269 351 4355 frequenti
372 4293 432 4334 usu
453 4270 602 4356 asyndeti
623 4269 792 4336 duxerunt.
842 4271 953 4358 lingua
982 4272 1067 4339 enim
1095 4271 1195 4344 latina
1215 4293 1281 4338 non
