3162 5088
589 537 786 634 *31*

242 739 274 823 d)
305 738 477 803 verbum
498 748 634 803 enunt.
657 761 734 804 sec.
758 727 883 802 deest.
937 735 1010 802 hist.
1040 733 1088 800 IV
1110 735 1161 820 83,
1186 735 1232 799 14.

307 868 380 910 ann.
402 845 488 910 119.
513 846 560 910 14.
592 844 658 910 XV
679 847 729 911 56.

182 1003 207 1044 c.
240 981 467 1045 enuntiata
496 980 771 1044 consecutiva
798 1001 924 1064 semper
944 976 1097 1041 habemus
1118 977 1232 1060 imper-

241 1087 380 1152 sectum:
403 1109 476 1152 ann.
498 1086 550 1151 XI
573 1087 622 1150 32.
659 1085 746 1151 XIII
768 1087 796 1150 8.
819 1086 869 1150 20.
890 1086 940 1151 41.
973 1083 1038 1148 XV
1060 1084 1089 1147 9.
1111 1083 1161 1148 55.
1183 1083 1233 1147 60.
1340 1089 1343 1094 ’

144 1195 310 1260 Praevalet
331 1196 430 1279 igitur
457 1196 490 1257 in
511 1193 560 1257 his
584 1195 820 1259 enuntiatorum
843 1192 1014 1278 generibus
1035 1190 1120 1276 apud
1141 1189 1233 1254 Taci-

142 1312 210 1367 tum
230 1324 307 1367 usus
329 1303 494 1387 praeteriti
515 1311 589 1386 post
609 1323 760 1387 praesens
782 1301 977 1366 historicum.

222 1495 272 1558 V..
295 1492 470 1558 Videamus
492 1514 578 1556 nunc
600 1514 662 1577 quo
683 1490 780 1556 mede
795 1490 965 1556 discrimen
979 1492 1063 1556 inter
1076 1490 1234 1556 rationem

143 1611 321 1685 temporum
341 1601 509 1666 relativam
531 1609 563 1664 et
583 1599 763 1664 absolutam
795 1620 829 1663 se
850 1597 968 1664 habeat
990 1600 1023 1662 in
1045 1598 1114 1662 aliis
1137 1618 1234 1660 cnun-

144 1710 292 1772 tiatorum
313 1693 484 1792 generibus
507 1707 648 1796 exceptis
664 1717 696 1771 et
715 1705 764 1770 his
787 1727 869 1790 quae
890 1707 953 1770 iam
975 1706 1181 1770 tractavimus
1203 1713 1235 1768 et

144 1816 370 1901 temporalibus
395 1837 477 1900 quae
498 1814 583 1879 infra
604 1815 783 1878 accuratius
805 1815 972 1878 tractaturi
994 1835 1111 1877 sumus.

222 1923 271 1988 In
301 1923 531 1988 enuntiatis
562 1921 800 1986 causalibus
832 1931 1010 2006 temporum
1040 1921 1180 1984 rationes
1202 1921 1236 1982 in

142 2029 224 2095 hunc
244 2030 374 2096 modum
398 2031 566 2094 instituere
587 2051 774 2115 possumus:

202 2162 244 2228 A.
270 2165 354 2227 actio
376 2167 530 2248 primaria
551 2175 583 2230 et
604 2163 792 2229 secundaria
812 2163 953 2228 eiusdem
975 2175 1051 2229 sunt
1071 2165 1233 2248 temperis.

241 2293 269 2336 a.
292 2271 485 2338 coincidunt.
798 2315 802 2322 ·

291 2383 327 2461 α)
355 2403 458 2466 praee.
482 2401 647 2465 -praes
682 2379 763 2465 Agr.
788 2382 836 2464 10,
850 2387 877 2441 »Ἴ

291 2488 326 2571 β)
359 2489 434 2574 imp·
484 2525 525 2535 -·
546 2489 621 2573 imr-
685 2488 765 2571 Aer·
786 2489 876 2573 302³·

293 2595 327 2678 γ)
357 2595 438 2680 pers.
482 2633 524 2642 -
544 2597 619 2680 imp.
682 2617 755 2660 ann.
778 2594 830 2660 XI
849 2595 900 2660 20.

237 2704 239 2708 ’
293 2703 326 2786 δ)
356 2704 458 2789 plusq.
482 2741 523 2750 —
543 2705 619 2788 imp.
682 2703 755 2767 hist.
778 2702 901 2768 11154.
1003 2719 1005 2722 ’

243 2808 273 2872 b.
295 2811 378 2874 actio
406 2809 594 2874 secundaria
626 2819 722 2874 antea
749 2811 812 2874 iam
842 2811 984 2895 perfecta
1011 2821 1061 2875 est
1090 2821 1122 2875 et
1144 2811 1234 2875 absc·

292 2917 369 2998 luta,
393 2938 488 3002 quam
510 2919 593 2981 actio
616 2919 766 3003 primaria
787 2919 928 3002 incipiat.

292 3025 327 3108 α)
357 3025 435 3110 perf.
457 3026 628 3111 -eplusq.,
665 3026 746 3110 Agr.
768 3025 844 3110 4,ν.

293 3133 327 3216 β)
356 3133 430 3217 imp.
460 3169 501 3181 --
522 3132 624 3218 plmq.
667 3131 740 3198 hist.
762 3131 816 3197 ΠΙ
836 3134 865 3197 4.

247 3263 272 3304 c.
295 3241 443 3325 proprius
464 3241 527 3330 iam
549 3241 729 3305 accedimus
751 3241 792 3305 ad
812 3242 970 3305 rationem
991 3240 1137 3306 absolute
1165 3264 1236 3308 cau-

293 3367 362 3411 sam
383 3358 415 3412 et
437 3356 585 3412 eventum
604 3346 828 3432 coniungendi,
850 3349 877 3411 si
898 3349 931 3411 in
947 3349 1110 3413 enuntiato
1127 3371 1235 3412 sccun-

294 3454 382 3519 dario
404 3455 582 3539 perfectum
596 3454 760 3538 habemus,
777 3455 851 3539 quia
865 3454 926 3519 hcc
940 3477 1005 3518 nen
1019 3451 1236 3540 distinguitur,

294 3571 401 3626 utrum
421 3563 504 3627 actio
526 3561 728 3645 secundaria,
759 3563 787 3626 si
815 3573 939 3647 tempus
962 3573 1142 3647 spectamus
1164 3585 1236 3648 prc-

293 3671 364 3755 pius
386 3671 437 3734 vel
458 3670 584 3754 longius
605 3669 647 3734 ab
669 3671 796 3735 actione
817 3671 968 3754 primaria
989 3670 1082 3736 absit.

294 3779 330 3862 α)
357 3777 436 3862 pers.
458 3812 500 3823 -
520 3777 600 3861 pers.
643 3798 716 3841 ann.
739 3776 774 3840 Π
800 3777 841 3842 48
872 3779 964 3842 aucit
984 3777 1068 3862 quod
1088 3777 1235 3862 tradidit,

356 3887 534 3950 accuratius
556 3907 707 3970 expressa
729 3895 813 3950 esset
834 3895 949 3950 natura
969 3885 1103 3949 actionis
1124 3907 1235 3948 secun-

358 3993 466 4057 dariae
486 3994 632 4078 ratioque
652 3993 845 4078 temporalis,
867 3995 894 4058 si
916 3994 1095 4078 scripsisset
1105 3991 1236 4058 Tacitus

357 4102 415 4186 qui
434 4099 622 4165 tradideret.

294 4209 329 4292 β)
361 4210 436 4294 imp.
457 4245 499 4256 -
519 4207 599 4293 perf.
644 4230 716 4274 ann.
739 4207 805 4272 XV
826 4207 875 4272 32.
969 4307 970 4310 Ἴ
