3162 5088
547 516 745 613 ...27-

184 717 461 804 Supervacaneum
489 729 537 784 est
566 718 627 782 hoc
655 719 725 783 loco
754 739 836 803 quse
865 716 919 781 alii
950 716 1015 780 iam
1042 715 1191 781 dixerunt

108 828 217 892 iterum
238 826 390 910 prolerre,
413 837 520 892 tamen
542 827 575 891 id
597 825 810 909 intellegimus
832 847 872 890 ex
900 824 1068 889 sententiis
1088 823 1190 908 Hugii

108 944 137 998 et
156 933 359 1020 Heynacheri
380 936 546 1002 contrariis
568 936 665 1000 talem
685 953 753 998 rem
774 955 856 1019 quae
878 942 946 998 tota
966 954 1064 1018 penes
1084 933 1189 996 unius-

107 1044 253 1129 cuiusque
280 1044 444 1126 scriptoris
475 1044 641 1127 ingenium
663 1052 712 1107 est
732 1042 779 1105 ita
799 1040 840 1105 ad
862 1049 965 1105 certas
986 1039 1113 1123 regulas
1141 1062 1189 1104 re

105 1152 209 1216 vocari
229 1173 294 1214 non
315 1171 409 1236 posse
438 1161 474 1216 ut
504 1172 613 1215 omnes
644 1150 705 1214 loci
734 1148 941 1234 explicentur.
990 1147 1094 1213 Nemo
1120 1149 1189 1232 erit,

105 1259 157 1344 qui
186 1269 283 1344 neget
311 1260 447 1325 multum
478 1261 512 1324 in
543 1259 604 1323 hac
631 1281 666 1323 re
687 1259 842 1324 interesse
863 1266 970 1322 utrum
991 1258 1191 1322 enuntiatum

105 1367 321 1432 secundarium
350 1369 508 1432 actionem
540 1367 724 1452 primariam
755 1375 906 1451 sequatur
938 1387 980 1429 an
1010 1365 1190 1449 antecedat,

104 1475 157 1540 sed
177 1475 239 1540 hoc
259 1497 386 1561 quoque
407 1476 543 1541 multum
564 1465 650 1540 valet
679 1483 787 1540 utrum
807 1473 941 1538 verbum
968 1473 1190 1538 secundarium
1209 1539 1211 1544 ,

104 1584 197 1667 longe
215 1605 256 1648 an
278 1605 377 1668 prope
402 1583 487 1649 absit
514 1582 654 1648 averbo
676 1583 835 1668 primario.
886 1581 1025 1646 Facilius
1054 1581 1191 1666 denique

104 1692 244 1775 sequitur
266 1692 486 1756 coniunctivus
509 1692 685 1777 praesentis
714 1691 748 1753 iu
769 1689 932 1754 enuntiato
955 1689 1142 1754 secundario
1164 1689 1191 1753 si

104 1799 198 1862 totius
220 1800 333 1883 capitis
353 1800 494 1864 narratio
516 1798 610 1863 valde
632 1799 793 1863 concitata
807 1807 855 1862 est
869 1807 902 1862 et
916 1798 1039 1881 alacris,
1058 1797 1098 1862 cf.
1110 1796 1141 1860 b.
1157 1818 1188 1881 g.

106 1904 170 1969 VH
190 1907 237 1988 70,
261 1908 311 1971 cui
333 1909 429 1992 capiti
451 1906 669 1992 septendecim
690 1906 799 1971 insunt
821 1907 1002 1990 praesentia
1022 1905 1189 1988 historica3

104 2012 163 2077 huc
192 2015 395 2080 referendum
426 2024 475 2080 est
507 2016 603 2082 etiam
631 2016 658 2080 si
687 2015 720 2078 in
751 2016 915 2079 enuntiato
948 2014 1099 2097 primario
1127 2013 1189 2078 duo

105 2123 283 2205 praesentia
318 2132 411 2207 sunt,
444 2133 499 2188 aut
532 2123 731 2188 enuntiatum
762 2123 984 2188 secundarium
1013 2123 1096 2187 inter
1127 2121 1190 2186 duo

105 2232 286 2312 praesentia
304 2229 456 2296 historica
477 2241 525 2297 est
546 2233 770 2316 interpositum
792 2241 824 2296 et
845 2231 968 2296 similia.
1011 2230 1086 2295 Duo
1100 2251 1189 2315 prae-

106 2339 209 2402 sentia
236 2336 309 2402 hist.
331 2338 485 2406 habemus
514 2341 547 2405 in
575 2349 683 2405 enunt.
705 2341 795 2425 prim.
817 2339 848 2404 b.
872 2361 903 2424 g.
924 2338 942 2403 I
963 2339 992 2404 8.
1014 2339 1044 2403 9.
1069 2337 1117 2402 19.
1139 2338 1190 2404 20.

102 2444 133 2508 V
153 2445 203 2511 20.
235 2447 275 2511 22
308 2447 366 2512 bis.
398 2449 447 2514 31.
478 2449 527 2516 38.
570 2449 669 2514 vlt.
694 2450 742 2513 10.
764 2448 814 2512 37.
836 2448 885 2513 39.
907 2448 958 2513 40.
1002 2445 1068 2512 VH
1088 2447 1118 2510 4.
1140 2447 1189 2512 37.

102 2553 152 2618 38.
174 2554 224 2618 39.
245 2555 296 2620 40.
316 2555 367 2621 42.
409 2556 440 2621 b.
463 2580 489 2622 c.
519 2556 607 2623 Ill.
632 2556 679 2622 19.
701 2557 752 2622 21.
774 2556 825 2621 22.
846 2556 896 2621 26.
918 2556 969 2621 32.
1012 2554 1117 2620 Π12.
1141 2553 1189 2618 15.

100 2660 151 2725 20.
173 2661 223 2726 32.
244 2662 295 2728 40.
316 2663 366 2728 43.
408 2663 461 2729 ΠΙ
482 2664 532 2730 82.
1001 2721 1003 2724 ,

182 2769 385 2855 Quamquam
404 2770 484 2836 hacc
513 2773 621 2836 omnia
649 2773 726 2836 satis
755 2773 819 2837 iam
840 2772 948 2836 valent
970 2770 1011 2835 ad
1031 2770 1190 2855 explican-

99 2877 176 2943 dum
196 2900 290 2944 usum
317 2881 493 2964 praesentis
523 2879 675 2964 historici,
704 2889 812 2946 tamen
841 2879 1080 2950 observationes
1111 2899 1189 2941 non·

97 2986 201 3052 nullas
235 2988 416 3070 prolaturus
453 3009 539 3072 sum,
586 2989 702 3074 quibus
738 3010 820 3074 quae
854 2989 908 3054 alii
946 2989 1010 3052 iam
1041 2986 1190 3054 dixemmt

97 3094 237 3160 fortasse
258 3096 397 3180 suppleri
418 3106 560 3182 possunt.

181 3202 222 3268 In
250 3205 422 3269 enuntiatis
443 3205 591 3271 finalibus
625 3215 657 3270 et
685 3206 724 3270 iis
753 3206 989 3271 enuntiatorum
1018 3201 1189 3289 generibus

97 3332 183 3395 quae
203 3311 253 3376 his
275 3323 350 3377 sunt
372 3315 563 3398 cognatione
585 3314 723 3399 quadam
744 3315 923 3396 coniuncta,
945 3322 1072 3398 praeter
1092 3331 1188 3377 enun-

96 3419 170 3483 tiati
193 3419 371 3485 secundarii
393 3421 633 3487 collocationem
654 3431 687 3488 et
714 3422 852 3487 fortasse
879 3421 920 3486 ad
950 3421 1190 3486 collocationem

94 3527 237 3592 valuisse
258 3527 384 3593 videtur
405 3530 502 3594 etiam
530 3531 619 3594 notio
641 3530 896 3616 significatioque
915 3529 1007 3595 verbi
1027 3530 1188 3613 regentis3

93 3633 252 3700 habemus
274 3637 359 3702 enim
388 3647 480 3722 post
511 3637 638 3701 verba
668 3637 915 3722 imperandi,
946 3638 1021 3722 quia
1048 3635 1189 3702 subitum

92 3744 272 3808 voluntatis
301 3745 473 3829 impetum,
506 3746 533 3809 si
567 3746 601 3810 in
630 3746 792 3830 praesenti
820 3745 971 3809 historico
998 3754 1087 3828 sunt,
1104 3767 1188 3811 con-

93 3850 231 3916 citatam
258 3852 430 3918 voluntatis
463 3853 709 3918 declarationem
737 3854 929 3938 exprimunt,
962 3852 1085 3918 duobus
1111 3845 1188 3918 locis

92 3959 241 4042 exeeptis
269 3961 507 4050 coniunctivum
536 3962 713 4044 praesentis
743 3961 773 4025 b.
796 3982 827 4045 g.
849 3961 972 4045 11111,
994 3963 1024 4027 2.
1067 3961 1116 4026 IV
1137 3964 1188 4048 21,

89 4065 1188 4155 2.8.ν11,4.22,1.5.34,3.37,1.58,4(1).ΜΞ.

90 4173 122 4256 u,
146 4173 177 4237 e.
213 4174 259 4258 ιο,
281 4174 310 4238 2.
333 4175 362 4239 3.
396 4175 512 4260 vni,
534 4178 563 4242 5.
593 4178 621 4260 e,
644 4177 672 4242 3.
703 4178 754 4262 21,
776 4178 805 4242 s.
835 4179 885 4262 31,
906 4178 935 4242 4.
964 4178 1015 4262 40,
1036 4178 1065 4242 4.
1087 4179 1136 4262 42,
1158 4181 1188 4244 4.

90 4280 144 4363 rs,
171 4281 199 4344 1.
243 4281 272 4346 b.
295 4306 321 4346 ο.
351 4282 368 4347 Ι
396 4284 445 4368 30,
470 4284 496 4348 1.
539 4284 589 4369 32,
613 4286 641 4349 r.
683 4284 784 4371 u4,1.
832 4285 880 4368 rc,
902 4286 932 4370 s,
952 4286 982 4349 4.
1031 4285 1137 4372 1140,
1158 4287 1188 4352 2.
