3162 5088
704 535 743 600 15

620 621 816 630 ——-——

176 742 210 803 in
231 737 438 821 coniunctim,
467 735 523 816 ito,
555 749 597 816 ut,
627 760 683 802 cur
704 735 846 821 quodque
867 749 987 820 tempus
1012 735 1150 820 positum
1178 747 1263 814 earet,

174 871 234 912 non
259 869 297 910 ea
318 857 402 912 certe
418 844 586 931 stabilique
599 845 822 924 coneecutione,
845 843 900 906 aed
914 866 953 906 ea
965 841 1102 929 peucine
1117 845 1264 929 cuiusque

175 956 210 1020 vi
228 953 371 1039 inteltepi
390 951 517 1031 dederet,
543 966 634 1038 utque
655 951 746 1015 nulla
767 964 851 1034 erret,
874 951 906 1014 ai
924 965 1068 1015 accurate
1084 950 1263 1031 diceremur,

173 1041 348 1148 ¹temporum
369 1061 551 1124 consecutio.
594 1059 643 1124 his
672 1057 779 1124 verbis
800 1058 928 1123 Wetnel
953 1059 1032 1123 nihil
1060 1057 1145 1124 aliud
1177 1058 1263 1143 dicit,

176 1173 235 1238 nisi
265 1180 391 1255 tempus
420 1169 576 1234 enuntiati
613 1167 792 1233 secundarii
825 1168 899 1251 eligi
930 1189 995 1230 non
1029 1189 1086 1252 pro
1121 1179 1264 1252 tempore

177 1279 333 1344 enuntiati
361 1278 519 1362 primarii,
549 1275 605 1341 sed
635 1298 693 1361 pro
721 1286 837 1340 natura
865 1277 964 1361 ipsius
992 1276 1126 1368 actionis
1154 1296 1263 1340 secun·

180 1387 286 1452 dariae
307 1396 339 1450 et
361 1407 399 1450 ea
425 1383 465 1448 de
491 1405 586 1450 eausa
613 1385 700 1450 cerni
731 1383 806 1448 iilud
839 1383 924 1468 quod
956 1384 1157 1467 grammatici
1191 1404 1263 1446 con·

179 1496 373 1559 secutionem
405 1503 584 1577 temporum
615 1503 732 1556 vocant
768 1512 832 1556 non
863 1501 985 1556 tantum
1021 1492 1054 1555 in
1093 1491 1265 1556 enuntiatis

181 1600 374 1666 secundariis
396 1621 477 1685 quae
499 1601 734 1664 coniunctivum
766 1599 930 1684 praebent,
962 1599 1018 1664 sed
1045 1601 1141 1664 etiam
1167 1600 1201 1662 in
1225 1598 1264 1662 iis

178 1731 260 1795 quae
276 1703 489 1773 'indicativum
509 1707 671 1774 exhibent.
714 1707 799 1772 Tota
819 1709 918 1791 igitur
940 1706 979 1771 de
995 1717 1174 1792 temporum
1191 1728 1263 1769 con-

181 1817 342 1881 secutione
362 1815 509 1880 doctrina
537 1815 615 1879 nihil
646 1814 732 1880 aliud
755 1824 805 1879 est
833 1816 895 1878 nisi
925 1814 1071 1879 doctrina
1102 1814 1141 1880 de
1169 1816 1265 1878 variis

179 1936 356 2009 temporum
377 1924 562 2008 rationibus,
584 1946 666 2010 quae
687 1946 745 2009 pro
766 1933 882 1988 natura
902 1924 1149 2009 uniuscuiusque
1167 1943 1264 1986 enun-

177 2035 328 2098 tiatorum
354 2033 480 2117 generis
510 2031 707 2097 intercedere
735 2042 869 2116 possunt
901 2032 985 2096 inter
1015 2032 1174 2096 actionem
1202 2031 1264 2116 pri·

177 2143 309 2205 mariam
330 2148 362 2206 et
383 2138 612 2206 secundariam.
719 2135 726 2150 ’

258 2247 320 2314 His
340 2248 436 2314 rebus
458 2248 611 2332 expositis
632 2245 673 2311 ad
695 2246 821 2330 singula
841 2247 1073 2331 perveniamus.

259 2357 276 2421 Ι
300 2358 333 2420 in
359 2357 531 2422 enuntiatis
559 2354 754 2420 secundariis
787 2355 998 2420 consecutivis
1029 2365 1061 2420 et
1089 2355 1265 2439 interroga-

178 2464 273 2528 tionis
286 2463 460 2528 indirectae
476 2463 630 2528 habemus
650 2463 887 2527 coniunctivum
903 2462 1039 2547 perfecti
1057 2462 1267 2528 antecedente

179 2571 211 2632 in
233 2572 396 2634 enuntiato
419 2572 568 2656 primario
590 2582 734 2655 tempore
754 2569 915 2633 historico.

262 2679 328 2744 Cic.
358 2700 416 2764 pro
442 2677 587 2743 Balbo?
614 2679 749 2762 legimus
781 2691 900 2764 quanta
920 2680 1021 2763 fuerit
1049 2679 1187 2744 hestorum
1216 2677 1267 2742 die

181 2786 244 2850 Cic.
274 2786 406 2872 Pompei
429 2791 574 2874 prauitas
603 2787 635 2850 in
667 2785 809 2866 dicendo,
839 2785 969 2865 indicae,
999 2809 1078 2872 quae
1105 2785 1266 2872 facultas,

179 2917 258 2979 quae
279 2897 387 2980 copia,
419 2918 480 2958 non
511 2895 658 2979 opinione
686 2896 783 2958 tacita
805 2909 975 2958 uestrorum
997 2894 1183 2977 animorum,
1213 2895 1268 2958 sed

177 3002 346 3087 perepicuo
368 3001 581 3069 admiratione
602 3005 767 3070 declarari
786 3004 959 3068 ridebatur.
1002 3003 1123 3068 adhaec
1141 3002 1266 3068 Cicero-

177 3110 226 3174 nis
254 3109 353 3174 verba
384 3109 490 3176 adfert
521 3113 649 3178 Wetzel
676 3135 707 3198 p.
740 3113 777 3176 16
807 3111 987 3176 Buechneri
1018 3111 1266 3191 adnotationem,

179 3217 233 3301 qui
254 3218 300 3281 sic
321 3217 481 3304 disputat:
503 3221 572 3286 alia
594 3234 637 3284 eet
659 3220 723 3284 Ioci
740 3221 892 3283 sententia
912 3220 969 3284 ubi
985 3222 1108 3302 ,eceet“,
1130 3218 1199 3284 alia
1216 3220 1271 3284 ubi

136 3333 142 3339 ’
179 3324 315 3407 „fuerit‘
346 3329 520 3413 ecrupseria
549 3328 636 3393 iliud
665 3327 825 3413 eiqnificat
853 3327 974 3391 indicae
1000 3327 1086 3412 ipeoe
1113 3341 1266 3412 perpetua

177 3455 236 3495 aua
257 3432 468 3500 admiratione
486 3437 683 3521 patefecisse,
703 3435 782 3521 quid
810 3435 849 3499 de
870 3435 1001 3520 Pompei
1022 3434 1196 3520 eloquentia
1218 3437 1266 3499 iu·

178 3537 322 3604 dicarent
343 3544 491 3627 quentiae
513 3567 581 3607 eum
594 3544 754 3628 fecerent,
776 3556 809 3607 at
830 3542 867 3606 id
888 3541 1012 3627 quidem
1035 3555 1142 3608 orator
1156 3542 1266 3607 dictio·

177 3649 228 3710 nie
249 3671 311 3712 non
333 3661 395 3731 est,
416 3654 509 3715 immo
530 3651 680 3716 indicum
693 3650 753 3714 iiia
771 3635 983 3714 admiratione
1000 3651 1099 3714 utitur
1116 3663 1267 3735 tanquam

177 3755 349 3820 testimonio
372 3781 431 3842 quo
453 3757 561 3824 doceat
583 3759 755 3837 audientes,
784 3781 864 3843 quae
891 3758 991 3840 fuerit
1012 3757 1146 3842 Pompei
1162 3762 1194 3822 in
1220 3759 1266 3822 di·

177 3861 273 3926 cendo
293 3866 457 3950 praviter-⁸5
489 3891 577 3930 ouum
605 3867 703 3953 ipitur
732 3868 834 3952 ipsius
861 3889 922 3930 non
950 3865 1092 3930 indicum
1118 3868 1267 3952 proponit

177 3969 329 4035 indicium
352 3972 421 4056 ipse
442 3973 570 4038 Wetuel
590 3974 639 4039 his
661 3974 740 4039 haec
761 3973 867 4038 addit:
895 3986 995 4059 poteet
1024 3973 1123 4061 ipitur
1143 3977 1182 4051 ir,
1212 3975 1269 4059 qui

178 4077 316 4163 loquitur
339 4079 377 4143 id
398 4081 482 4166 quod
502 4105 517 4145 e
538 4083 670 4148 audiecti
685 4083 843 4169 primarii
860 4096 956 4145 mente
979 4079 1048 4147 dici
1067 4082 1193 4163 dederet,
1207 4107 1266 4168 pro

176 4210 235 4249 aua
257 4188 443 4272 capitatione
464 4191 637 4274 exprimere
664 4193 720 4269 ita,
754 4203 786 4253 ut
808 4189 843 4254 id
865 4203 983 4275 tempure
1012 4204 1120 4275 ponat,
1148 4214 1208 4276 quo
1239 4193 1270 4254 ei

176 4308 260 4360 recto
290 4309 366 4360 eseet
395 4297 599 4382 interropatio
629 4311 773 4361 uteretur.
822 4294 1024 4380 Quamquam
1046 4295 1214 4361 Buechner
1235 4308 1282 4365 et·
