3162 5088
760 509 815 582 60.

389 707 459 777 XII
479 715 529 797 54,
555 715 593 779 13
614 739 686 779 mom
704 716 851 804 qlieeenee
871 718 1010 801 pernicie
1102 719 1189 780 caesi
1205 716 1326 781 militen.

387 822 421 904 γ)
443 821 514 885 hist.
536 821 832 905 1126,8vinctue.
874 823 926 898 ⁸IV
947 824 996 906 37,
1019 825 1038 890 8
1061 826 1221 910 repo-ime.

330 948 360 1012 g.
389 950 548 1013 praesens.
592 930 625 1015 γ)
648 930 757 996 Germ.
773 932 813 996 36
836 931 1040 996 adversarum
1061 956 1164 995 rerum
1179 957 1218 996 ex
1232 956 1328 1018 aequo

388 1022 469 1099 socii
486 1050 566 1117 ηιηι,
588 1062 656 1102 ητιτη
677 1039 709 1102 τή
733 1037 877 1103 secundi„
899 1041 1033 1103 ιηίηοτιτ
1053 1039 1198 1122 fuissent.

239 1163 300 1230 XI.
323 1189 408 1230 cum
430 1171 699 1234 coniunctivo
721 1171 920 1256 perfecti.

328 1294 356 1336 a.
389 1297 549 1360 praesens.
591 1278 625 1361 β)
648 1278 720 1342 dial.
745 1279 771 1360 1,
796 1278 811 1341 1
839 1303 903 1356 cur,
926 1303 995 1342 cum
1008 1280 1165 1364 floruerit,
1187 1281 1327 1346 retineat.

386 1382 478 1466 21,5
508 1385 575 1470 ipse
601 1386 682 1451 mihi
709 1384 834 1450 Calvus.
876 1386 909 1470 γ)
940 1385 1013 1450 dial.
1033 1387 1083 1470 24,
1106 1387 1145 1450 14
1173 1411 1328 1474 emprome,

387 1515 455 1554 cum
477 1493 643 1580 colleyerit.
687 1515 759 1556 ann.
782 1491 817 1556 II
839 1494 889 1578 38,
911 1494 940 1559 5.

327 1597 358 1662 b.
387 1599 572 1684 perfectum.
606 1600 650 1683 β)
672 1621 745 1665 ann.
767 1599 816 1664 IV
838 1600 887 1681 34,
912 1602 948 1665 11
980 1625 1110 1686 quorum
1139 1625 1188 1664 τιι
1215 1616 1327 1689 yestoe.

386 1708 419 1792 γ)
441 1730 513 1771 ann.
536 1706 641 1791 1134,
663 1708 712 1772 22.
755 1707 809 1773 ΠΙ
834 1709 879 1792 16,
901 1709 951 1772 20.
994 1707 1044 1772 IV
1065 1709 1115 1792 58,
1140 1709 1187 1774 12,

327 1837 353 1878 e.
385 1814 615 1900 imperfectum.
658 1817 691 1901 γ)
714 1838 788 1880 ann.
810 1815 861 1880 IV
880 1817 930 1899 20,
954 1818 1001 1881 11.

328 1920 357 1985 d.
386 1921 538 1986 futurum.
581 1921 614 2007 γ)
637 1945 709 1987 ann.
732 1921 816 1987 XIV
836 1923 887 2008 43,
912 1923 959 1987 14.
985 1925 1031 1987 15.

328 2052 355 2094 e.
386 2029 420 2114 γ)
442 2051 514 2095 ann.
538 2029 608 2094 XII
629 2031 670 2096 60
691 2031 774 2095 nihil
795 2033 967 2110 attinuerit,
989 2056 1059 2095 οιιητ
1081 2032 1270 2117 aequaverit.

236 2158 314 2225 XII.
346 2184 431 2225 eum
451 2163 718 2227 coniunctivo
741 2165 989 2248 praesentis.

319 2271 361 2334 ak
386 2294 546 2356 praesens.
588 2274 623 2357 β)
646 2271 719 2336 dial.
744 2273 791 2355 10,
813 2273 833 2336 6
860 2273 1130 2358 quotusquisque.
1174 2271 1215 2336 20
1236 2270 1328 2356 quod.

387 2379 478 2462 13‚4
513 2377 604 2465 quod.
657 2376 765 2443 Germ.
795 2379 916 2462 28,Ιο
967 2401 1040 2443 ann.
1072 2377 1126 2443 HI
1152 2379 1202 2461 53,
1228 2378 1265 2442 14
1292 2391 1328 2442 ιι.

387 2485 471 2550 XIV
492 2487 542 2571 54,
565 2487 584 2552 8
606 2488 651 2550 ita
673 2509 776 2550 ιιηιη.

319 2595 361 2658 a'.
383 2594 599 2679 imperativue
641 2593 674 2679 γ)
708 2591 780 2658 dial.
812 2594 860 2677 10,
882 2594 931 2657 37.
984 2593 1019 2676 β)
1052 2593 1125 2658 dial.
1154 2593 1204 2676 27,
1229 2594 1264 2656 11
1291 2607 1327 2656 ιι.

386 2705 421 2785 α)
444 2724 516 2766 ann.
538 2701 591 2766 XI
611 2702 641 2786 4,
665 2702 712 2766 14.

238 2831 333 2898 XIII.
356 2833 431 2898 duo
454 2844 643 2919 tempora
663 2833 862 2900 habemus
885 2834 1113 2897 coniuncta
1141 2833 1181 2896 in
1213 2855 1327 2897 enun-

349 2943 455 3005 tiato
476 2941 740 3006 secundario.

326 3070 355 3112 a.
387 3049 623 3113 eoniunetivum
644 3050 822 3134 praesentis
844 3059 876 3113 et
897 3047 1052 3133 perfeeti:
1077 3047 1186 3113 Germ.
1206 3048 1245 3112 15
1265 3048 1333 3132 ipsi

338 3207 342 3213 .
384 3157 489 3220 Ιιιόιηι
510 3157 592 3220 mira
615 3155 797 3220 diversitate
816 3158 925 3239 animi,
949 3181 1018 3220 ητιτη
1033 3170 1135 3220 ament
1152 3194 1182 3202 -
1199 3154 1329 3219 oderim.

329 3263 357 3326 b.
387 3265 565 3349 imperfecti
587 3277 620 3329 et
641 3265 966 3351 plusquamperfeeti:
988 3263 1063 3333 hist.
1085 3262 1120 3329 Π
1141 3264 1189 3344 13,
1204 3264 1233 3326 6.
1256 3284 1328 3326 ann.

387 3370 475 3454 132,
498 3372 526 3436 7.
570 3373 619 3437 VI
641 3373 679 3436 37
703 3373 782 3457 (43),
803 3373 833 3436 4.

237 3510 329 3575 XIV.
352 3516 614 3578 enuntiatum
653 3513 942 3578 secundarium
974 3513 1129 3597 pendet
1166 3534 1244 3576 non
1282 3534 1329 3576 ex

350 3621 441 3704 ipso
470 3621 597 3685 verbo
628 3624 845 3688 enuntiati
875 3621 1075 3707 primarii.

325 3747 353 3789 a.
386 3725 459 3790 hist.
486 3726 503 3790 I
532 3728 580 3809 19,
611 3730 628 3793 7
660 3730 868 3793 crebrioribus
896 3730 929 3792 τή
962 3726 1029 3792 dies
1057 3727 1249 3794 Germaniae
1278 3724 1328 3789 de-

386 3835 533 3915 fectionis
561 3837 682 3900 nuntiis
713 3852 740 3900 et
770 3837 870 3918 facili
899 3838 1027 3900 civitate
1062 3834 1107 3899 ad
1142 3833 1330 3920 accipienda

386 3941 601 4029 credendaque
636 3947 741 4008 omnia
778 3969 880 4024 nova,
915 3969 998 4008 ηητη
1034 3943 1183 4006 tristia
1220 3957 1329 4023 sunt,

387 4064 578 4115 censuerant.
699 4077 714 4096 ·

327 4157 357 4222 b.
386 4143 459 4222 enh.
482 4156 548 4221 XV
569 4160 619 4242 69,
642 4161 659 4224 7
689 4160 831 4243 celebrat,
859 4161 942 4226 nihil
961 4173 1096 4224 τηιιιιεηε
1118 4182 1158 4220 an
1182 4157 1328 4223 dissimu-

389 4265 486 4330 lando
506 4281 598 4350 metu,
620 4292 704 4332 eum
726 4267 882 4333 dixere.
